;; -*- mode: org; mode: beancount; -*-
;; Birth: 1980-05-12
;; Dates: 2023-01-01 - 2025-10-31
;; THIS FILE HAS BEEN AUTO-GENERATED.
* Options

option "title" "Example Beancount file"
option "operating_currency" "USD"




* Commodities


1792-01-01 commodity USD
  name: "US Dollar"
  export: "CASH"

1900-01-01 commodity VMMXX
  export: "MUTF:VMMXX (MONEY:USD)"

1980-05-12 commodity VACHR
  name: "Employer Vacation Hours"
  export: "IGNORE"

1980-05-12 commodity IRAUSD
  name: "US 401k and IRA Contributions"
  export: "IGNORE"

1995-09-18 commodity VBMPX
  name: "Vanguard Total Bond Market Index Fund Institutional Plus Shares"
  export: "MUTF:VBMPX"
  price: "USD:google/MUTF:VBMPX"

2004-01-20 commodity ITOT
  name: "iShares Core S&P Total U.S. Stock Market ETF"
  export: "NYSEARCA:ITOT"
  price: "USD:google/NYSEARCA:ITOT"

2004-01-26 commodity VHT
  name: "Vanguard Health Care ETF"
  export: "NYSEARCA:VHT"
  price: "USD:google/NYSEARCA:VHT"

2004-11-01 commodity GLD
  name: "SPDR Gold Trust (ETF)"
  export: "NYSEARCA:GLD"
  price: "USD:google/NYSEARCA:GLD"

2007-07-20 commodity VEA
  name: "Vanguard FTSE Developed Markets ETF"
  export: "NYSEARCA:VEA"
  price: "USD:google/NYSEARCA:VEA"

2009-05-01 commodity RGAGX
  name: "American Funds The Growth Fund of America Class R-6"
  export: "MUTF:RGAGX"
  price: "USD:google/MUTF:RGAGX"



* Equity Accounts

1980-05-12 open Equity:Opening-Balances
1980-05-12 open Liabilities:AccountsPayable



* Banking

2023-01-01 open Assets:US:BofA
  institution: "Bank of America"
  address: "123 America Street, LargeTown, USA"
  phone: "+1.012.345.6789"
2023-01-01 open Assets:US:BofA:Checking                        USD
  account: "00234-48574897"

2023-01-01 * "Opening Balance for checking account"
  Assets:US:BofA:Checking                         3909.80 USD
  Equity:Opening-Balances                        -3909.80 USD

2023-01-02 balance Assets:US:BofA:Checking        3909.80 USD

2023-01-04 * "BANK FEES" "Monthly bank fee"
  Assets:US:BofA:Checking                           -4.00 USD
  Expenses:Financial:Fees                            4.00 USD

2023-01-06 * "RiverBank Properties" "Paying the rent"
  Assets:US:BofA:Checking                        -2400.00 USD
  Expenses:Home:Rent                              2400.00 USD

2023-01-08 * "EDISON POWER" ""
  Assets:US:BofA:Checking                          -65.00 USD
  Expenses:Home:Electricity                         65.00 USD

2023-01-18 * "Verizon Wireless" ""
  Assets:US:BofA:Checking                          -63.75 USD
  Expenses:Home:Phone                               63.75 USD

2023-01-23 * "Wine-Tarner Cable" ""
  Assets:US:BofA:Checking                          -80.00 USD
  Expenses:Home:Internet                            80.00 USD

2023-01-30 balance Assets:US:BofA:Checking        3923.95 USD

2023-02-04 * "BANK FEES" "Monthly bank fee"
  Assets:US:BofA:Checking                           -4.00 USD
  Expenses:Financial:Fees                            4.00 USD

2023-02-04 * "RiverBank Properties" "Paying the rent"
  Assets:US:BofA:Checking                        -2400.00 USD
  Expenses:Home:Rent                              2400.00 USD

2023-02-08 * "EDISON POWER" ""
  Assets:US:BofA:Checking                          -65.00 USD
  Expenses:Home:Electricity                         65.00 USD

2023-02-18 * "Verizon Wireless" ""
  Assets:US:BofA:Checking                          -70.85 USD
  Expenses:Home:Phone                               70.85 USD

2023-02-21 * "Wine-Tarner Cable" ""
  Assets:US:BofA:Checking                          -80.04 USD
  Expenses:Home:Internet                            80.04 USD

2023-02-28 balance Assets:US:BofA:Checking        3346.55 USD

2023-03-04 * "BANK FEES" "Monthly bank fee"
  Assets:US:BofA:Checking                           -4.00 USD
  Expenses:Financial:Fees                            4.00 USD

2023-03-05 * "RiverBank Properties" "Paying the rent"
  Assets:US:BofA:Checking                        -2400.00 USD
  Expenses:Home:Rent                              2400.00 USD

2023-03-09 * "EDISON POWER" ""
  Assets:US:BofA:Checking                          -65.00 USD
  Expenses:Home:Electricity                         65.00 USD

2023-03-20 * "Verizon Wireless" ""
  Assets:US:BofA:Checking                          -61.56 USD
  Expenses:Home:Phone                               61.56 USD

2023-03-22 * "Wine-Tarner Cable" ""
  Assets:US:BofA:Checking                          -80.06 USD
  Expenses:Home:Internet                            80.06 USD

2023-03-26 balance Assets:US:BofA:Checking        2669.94 USD

2023-04-04 * "BANK FEES" "Monthly bank fee"
  Assets:US:BofA:Checking                           -4.00 USD
  Expenses:Financial:Fees                            4.00 USD

2023-04-06 * "RiverBank Properties" "Paying the rent"
  Assets:US:BofA:Checking                        -2400.00 USD
  Expenses:Home:Rent                              2400.00 USD

2023-04-09 * "EDISON POWER" ""
  Assets:US:BofA:Checking                          -65.00 USD
  Expenses:Home:Electricity                         65.00 USD

2023-04-18 * "Verizon Wireless" ""
  Assets:US:BofA:Checking                          -77.18 USD
  Expenses:Home:Phone                               77.18 USD

2023-04-22 * "Wine-Tarner Cable" ""
  Assets:US:BofA:Checking                          -79.82 USD
  Expenses:Home:Internet                            79.82 USD

2023-04-24 balance Assets:US:BofA:Checking        2056.62 USD

2023-05-03 * "RiverBank Properties" "Paying the rent"
  Assets:US:BofA:Checking                        -2400.00 USD
  Expenses:Home:Rent                              2400.00 USD

2023-05-04 * "BANK FEES" "Monthly bank fee"
  Assets:US:BofA:Checking                           -4.00 USD
  Expenses:Financial:Fees                            4.00 USD

2023-05-08 * "EDISON POWER" ""
  Assets:US:BofA:Checking                          -65.00 USD
  Expenses:Home:Electricity                         65.00 USD

2023-05-18 balance Assets:US:BofA:Checking        1734.51 USD

2023-05-20 * "Verizon Wireless" ""
  Assets:US:BofA:Checking                          -66.76 USD
  Expenses:Home:Phone                               66.76 USD

2023-05-23 * "Wine-Tarner Cable" ""
  Assets:US:BofA:Checking                          -80.14 USD
  Expenses:Home:Internet                            80.14 USD

2023-06-04 * "BANK FEES" "Monthly bank fee"
  Assets:US:BofA:Checking                           -4.00 USD
  Expenses:Financial:Fees                            4.00 USD

2023-06-04 * "RiverBank Properties" "Paying the rent"
  Assets:US:BofA:Checking                        -2400.00 USD
  Expenses:Home:Rent                              2400.00 USD

2023-06-08 * "EDISON POWER" ""
  Assets:US:BofA:Checking                          -65.00 USD
  Expenses:Home:Electricity                         65.00 USD

2023-06-16 balance Assets:US:BofA:Checking        1285.60 USD

2023-06-20 * "Verizon Wireless" ""
  Assets:US:BofA:Checking                          -54.05 USD
  Expenses:Home:Phone                               54.05 USD

2023-06-23 * "Wine-Tarner Cable" ""
  Assets:US:BofA:Checking                          -80.03 USD
  Expenses:Home:Internet                            80.03 USD

2023-07-04 * "BANK FEES" "Monthly bank fee"
  Assets:US:BofA:Checking                           -4.00 USD
  Expenses:Financial:Fees                            4.00 USD

2023-07-06 * "RiverBank Properties" "Paying the rent"
  Assets:US:BofA:Checking                        -2400.00 USD
  Expenses:Home:Rent                              2400.00 USD

2023-07-09 * "EDISON POWER" ""
  Assets:US:BofA:Checking                          -65.00 USD
  Expenses:Home:Electricity                         65.00 USD

2023-07-12 balance Assets:US:BofA:Checking         668.24 USD

2023-07-20 * "Verizon Wireless" ""
  Assets:US:BofA:Checking                          -60.35 USD
  Expenses:Home:Phone                               60.35 USD

2023-07-22 * "Wine-Tarner Cable" ""
  Assets:US:BofA:Checking                          -79.96 USD
  Expenses:Home:Internet                            79.96 USD

2023-08-01 balance Assets:US:BofA:Checking        1878.53 USD

2023-08-04 * "BANK FEES" "Monthly bank fee"
  Assets:US:BofA:Checking                           -4.00 USD
  Expenses:Financial:Fees                            4.00 USD

2023-08-04 * "RiverBank Properties" "Paying the rent"
  Assets:US:BofA:Checking                        -2400.00 USD
  Expenses:Home:Rent                              2400.00 USD

2023-08-08 * "EDISON POWER" ""
  Assets:US:BofA:Checking                          -65.00 USD
  Expenses:Home:Electricity                         65.00 USD

2023-08-20 * "Verizon Wireless" ""
  Assets:US:BofA:Checking                          -43.54 USD
  Expenses:Home:Phone                               43.54 USD

2023-08-22 * "Wine-Tarner Cable" ""
  Assets:US:BofA:Checking                          -80.22 USD
  Expenses:Home:Internet                            80.22 USD

2023-08-30 balance Assets:US:BofA:Checking        3487.08 USD

2023-09-04 * "BANK FEES" "Monthly bank fee"
  Assets:US:BofA:Checking                           -4.00 USD
  Expenses:Financial:Fees                            4.00 USD

2023-09-05 * "RiverBank Properties" "Paying the rent"
  Assets:US:BofA:Checking                        -2400.00 USD
  Expenses:Home:Rent                              2400.00 USD

2023-09-08 * "EDISON POWER" ""
  Assets:US:BofA:Checking                          -65.00 USD
  Expenses:Home:Electricity                         65.00 USD

2023-09-15 * "Transfering accumulated savings to other account"
  Assets:US:BofA:Checking                           -4500 USD
  Assets:US:ETrade:Cash                              4500 USD

2023-09-19 * "Verizon Wireless" ""
  Assets:US:BofA:Checking                          -58.40 USD
  Expenses:Home:Phone                               58.40 USD

2023-09-22 balance Assets:US:BofA:Checking         900.72 USD

2023-09-23 * "Wine-Tarner Cable" ""
  Assets:US:BofA:Checking                          -80.07 USD
  Expenses:Home:Internet                            80.07 USD

2023-10-04 * "BANK FEES" "Monthly bank fee"
  Assets:US:BofA:Checking                           -4.00 USD
  Expenses:Financial:Fees                            4.00 USD

2023-10-04 * "RiverBank Properties" "Paying the rent"
  Assets:US:BofA:Checking                        -2400.00 USD
  Expenses:Home:Rent                              2400.00 USD

2023-10-08 * "EDISON POWER" ""
  Assets:US:BofA:Checking                          -65.00 USD
  Expenses:Home:Electricity                         65.00 USD

2023-10-12 balance Assets:US:BofA:Checking         440.58 USD

2023-10-20 * "Verizon Wireless" ""
  Assets:US:BofA:Checking                          -54.33 USD
  Expenses:Home:Phone                               54.33 USD

2023-10-22 * "Wine-Tarner Cable" ""
  Assets:US:BofA:Checking                          -80.02 USD
  Expenses:Home:Internet                            80.02 USD

2023-11-02 balance Assets:US:BofA:Checking        5407.43 USD

2023-11-04 * "BANK FEES" "Monthly bank fee"
  Assets:US:BofA:Checking                           -4.00 USD
  Expenses:Financial:Fees                            4.00 USD

2023-11-04 * "RiverBank Properties" "Paying the rent"
  Assets:US:BofA:Checking                        -2400.00 USD
  Expenses:Home:Rent                              2400.00 USD

2023-11-09 * "EDISON POWER" ""
  Assets:US:BofA:Checking                          -65.00 USD
  Expenses:Home:Electricity                         65.00 USD

2023-11-10 * "Transfering accumulated savings to other account"
  Assets:US:BofA:Checking                           -4000 USD
  Assets:US:ETrade:Cash                              4000 USD

2023-11-18 * "Verizon Wireless" ""
  Assets:US:BofA:Checking                          -61.48 USD
  Expenses:Home:Phone                               61.48 USD

2023-11-22 balance Assets:US:BofA:Checking         963.28 USD

2023-11-22 * "Wine-Tarner Cable" ""
  Assets:US:BofA:Checking                          -80.02 USD
  Expenses:Home:Internet                            80.02 USD

2023-12-04 * "BANK FEES" "Monthly bank fee"
  Assets:US:BofA:Checking                           -4.00 USD
  Expenses:Financial:Fees                            4.00 USD

2023-12-06 * "RiverBank Properties" "Paying the rent"
  Assets:US:BofA:Checking                        -2400.00 USD
  Expenses:Home:Rent                              2400.00 USD

2023-12-08 * "EDISON POWER" ""
  Assets:US:BofA:Checking                          -65.00 USD
  Expenses:Home:Electricity                         65.00 USD

2023-12-14 balance Assets:US:BofA:Checking        2858.53 USD

2023-12-18 * "Verizon Wireless" ""
  Assets:US:BofA:Checking                          -55.73 USD
  Expenses:Home:Phone                               55.73 USD

2023-12-23 * "Wine-Tarner Cable" ""
  Assets:US:BofA:Checking                          -80.05 USD
  Expenses:Home:Internet                            80.05 USD

2024-01-04 * "BANK FEES" "Monthly bank fee"
  Assets:US:BofA:Checking                           -4.00 USD
  Expenses:Financial:Fees                            4.00 USD

2024-01-06 * "RiverBank Properties" "Paying the rent"
  Assets:US:BofA:Checking                        -2400.00 USD
  Expenses:Home:Rent                              2400.00 USD

2024-01-09 balance Assets:US:BofA:Checking        4501.49 USD

2024-01-09 * "EDISON POWER" ""
  Assets:US:BofA:Checking                          -65.00 USD
  Expenses:Home:Electricity                         65.00 USD

2024-01-20 * "Verizon Wireless" ""
  Assets:US:BofA:Checking                          -55.64 USD
  Expenses:Home:Phone                               55.64 USD

2024-01-23 * "Wine-Tarner Cable" ""
  Assets:US:BofA:Checking                          -79.97 USD
  Expenses:Home:Internet                            79.97 USD

2024-02-01 balance Assets:US:BofA:Checking        5369.01 USD

2024-02-03 * "RiverBank Properties" "Paying the rent"
  Assets:US:BofA:Checking                        -2400.00 USD
  Expenses:Home:Rent                              2400.00 USD

2024-02-04 * "BANK FEES" "Monthly bank fee"
  Assets:US:BofA:Checking                           -4.00 USD
  Expenses:Financial:Fees                            4.00 USD

2024-02-09 * "EDISON POWER" ""
  Assets:US:BofA:Checking                          -65.00 USD
  Expenses:Home:Electricity                         65.00 USD

2024-02-20 * "Verizon Wireless" ""
  Assets:US:BofA:Checking                          -67.46 USD
  Expenses:Home:Phone                               67.46 USD

2024-02-22 * "Wine-Tarner Cable" ""
  Assets:US:BofA:Checking                          -80.04 USD
  Expenses:Home:Internet                            80.04 USD

2024-02-24 balance Assets:US:BofA:Checking        4684.70 USD

2024-03-03 * "RiverBank Properties" "Paying the rent"
  Assets:US:BofA:Checking                        -2400.00 USD
  Expenses:Home:Rent                              2400.00 USD

2024-03-04 * "BANK FEES" "Monthly bank fee"
  Assets:US:BofA:Checking                           -4.00 USD
  Expenses:Financial:Fees                            4.00 USD

2024-03-08 * "EDISON POWER" ""
  Assets:US:BofA:Checking                          -65.00 USD
  Expenses:Home:Electricity                         65.00 USD

2024-03-18 * "Verizon Wireless" ""
  Assets:US:BofA:Checking                          -60.48 USD
  Expenses:Home:Phone                               60.48 USD

2024-03-21 * "Wine-Tarner Cable" ""
  Assets:US:BofA:Checking                          -79.95 USD
  Expenses:Home:Internet                            79.95 USD

2024-03-22 balance Assets:US:BofA:Checking        3691.84 USD

2024-04-04 * "BANK FEES" "Monthly bank fee"
  Assets:US:BofA:Checking                           -4.00 USD
  Expenses:Financial:Fees                            4.00 USD

2024-04-05 * "RiverBank Properties" "Paying the rent"
  Assets:US:BofA:Checking                        -2400.00 USD
  Expenses:Home:Rent                              2400.00 USD

2024-04-08 * "EDISON POWER" ""
  Assets:US:BofA:Checking                          -65.00 USD
  Expenses:Home:Electricity                         65.00 USD

2024-04-18 balance Assets:US:BofA:Checking        3064.65 USD

2024-04-18 * "Verizon Wireless" ""
  Assets:US:BofA:Checking                          -53.49 USD
  Expenses:Home:Phone                               53.49 USD

2024-04-21 * "Wine-Tarner Cable" ""
  Assets:US:BofA:Checking                          -79.85 USD
  Expenses:Home:Internet                            79.85 USD

2024-05-04 * "BANK FEES" "Monthly bank fee"
  Assets:US:BofA:Checking                           -4.00 USD
  Expenses:Financial:Fees                            4.00 USD

2024-05-04 * "RiverBank Properties" "Paying the rent"
  Assets:US:BofA:Checking                        -2400.00 USD
  Expenses:Home:Rent                              2400.00 USD

2024-05-09 * "EDISON POWER" ""
  Assets:US:BofA:Checking                          -65.00 USD
  Expenses:Home:Electricity                         65.00 USD

2024-05-11 balance Assets:US:BofA:Checking        2509.96 USD

2024-05-19 * "Verizon Wireless" ""
  Assets:US:BofA:Checking                          -54.73 USD
  Expenses:Home:Phone                               54.73 USD

2024-05-23 * "Wine-Tarner Cable" ""
  Assets:US:BofA:Checking                          -80.14 USD
  Expenses:Home:Internet                            80.14 USD

2024-05-31 balance Assets:US:BofA:Checking        3725.69 USD

2024-06-04 * "BANK FEES" "Monthly bank fee"
  Assets:US:BofA:Checking                           -4.00 USD
  Expenses:Financial:Fees                            4.00 USD

2024-06-05 * "RiverBank Properties" "Paying the rent"
  Assets:US:BofA:Checking                        -2400.00 USD
  Expenses:Home:Rent                              2400.00 USD

2024-06-08 * "EDISON POWER" ""
  Assets:US:BofA:Checking                          -65.00 USD
  Expenses:Home:Electricity                         65.00 USD

2024-06-18 * "Verizon Wireless" ""
  Assets:US:BofA:Checking                          -60.50 USD
  Expenses:Home:Phone                               60.50 USD

2024-06-21 * "Wine-Tarner Cable" ""
  Assets:US:BofA:Checking                          -80.04 USD
  Expenses:Home:Internet                            80.04 USD

2024-06-22 balance Assets:US:BofA:Checking        3077.87 USD

2024-07-03 * "RiverBank Properties" "Paying the rent"
  Assets:US:BofA:Checking                        -2400.00 USD
  Expenses:Home:Rent                              2400.00 USD

2024-07-04 * "BANK FEES" "Monthly bank fee"
  Assets:US:BofA:Checking                           -4.00 USD
  Expenses:Financial:Fees                            4.00 USD

2024-07-09 * "EDISON POWER" ""
  Assets:US:BofA:Checking                          -65.00 USD
  Expenses:Home:Electricity                         65.00 USD

2024-07-12 balance Assets:US:BofA:Checking        1349.95 USD

2024-07-19 * "Verizon Wireless" ""
  Assets:US:BofA:Checking                          -59.86 USD
  Expenses:Home:Phone                               59.86 USD

2024-07-22 * "Wine-Tarner Cable" ""
  Assets:US:BofA:Checking                          -79.88 USD
  Expenses:Home:Internet                            79.88 USD

2024-08-03 * "RiverBank Properties" "Paying the rent"
  Assets:US:BofA:Checking                        -2400.00 USD
  Expenses:Home:Rent                              2400.00 USD

2024-08-04 * "BANK FEES" "Monthly bank fee"
  Assets:US:BofA:Checking                           -4.00 USD
  Expenses:Financial:Fees                            4.00 USD

2024-08-07 balance Assets:US:BofA:Checking        2207.41 USD

2024-08-08 * "EDISON POWER" ""
  Assets:US:BofA:Checking                          -65.00 USD
  Expenses:Home:Electricity                         65.00 USD

2024-08-16 * "Transfering accumulated savings to other account"
  Assets:US:BofA:Checking                           -3500 USD
  Assets:US:ETrade:Cash                              3500 USD

2024-08-20 * "Verizon Wireless" ""
  Assets:US:BofA:Checking                          -70.46 USD
  Expenses:Home:Phone                               70.46 USD

2024-08-23 * "Wine-Tarner Cable" ""
  Assets:US:BofA:Checking                          -80.02 USD
  Expenses:Home:Internet                            80.02 USD

2024-09-04 * "BANK FEES" "Monthly bank fee"
  Assets:US:BofA:Checking                           -4.00 USD
  Expenses:Financial:Fees                            4.00 USD

2024-09-05 balance Assets:US:BofA:Checking        3265.07 USD

2024-09-05 * "RiverBank Properties" "Paying the rent"
  Assets:US:BofA:Checking                        -2400.00 USD
  Expenses:Home:Rent                              2400.00 USD

2024-09-08 * "EDISON POWER" ""
  Assets:US:BofA:Checking                          -65.00 USD
  Expenses:Home:Electricity                         65.00 USD

2024-09-18 * "Verizon Wireless" ""
  Assets:US:BofA:Checking                          -63.49 USD
  Expenses:Home:Phone                               63.49 USD

2024-09-22 * "Wine-Tarner Cable" ""
  Assets:US:BofA:Checking                          -79.94 USD
  Expenses:Home:Internet                            79.94 USD

2024-09-25 balance Assets:US:BofA:Checking        2734.38 USD

2024-10-03 * "RiverBank Properties" "Paying the rent"
  Assets:US:BofA:Checking                        -2400.00 USD
  Expenses:Home:Rent                              2400.00 USD

2024-10-04 * "BANK FEES" "Monthly bank fee"
  Assets:US:BofA:Checking                           -4.00 USD
  Expenses:Financial:Fees                            4.00 USD

2024-10-08 * "EDISON POWER" ""
  Assets:US:BofA:Checking                          -65.00 USD
  Expenses:Home:Electricity                         65.00 USD

2024-10-11 * "Transfering accumulated savings to other account"
  Assets:US:BofA:Checking                           -4000 USD
  Assets:US:ETrade:Cash                              4000 USD

2024-10-17 balance Assets:US:BofA:Checking         740.64 USD

2024-10-20 * "Verizon Wireless" ""
  Assets:US:BofA:Checking                          -50.62 USD
  Expenses:Home:Phone                               50.62 USD

2024-10-22 * "Wine-Tarner Cable" ""
  Assets:US:BofA:Checking                          -80.05 USD
  Expenses:Home:Internet                            80.05 USD

2024-11-03 * "RiverBank Properties" "Paying the rent"
  Assets:US:BofA:Checking                        -2400.00 USD
  Expenses:Home:Rent                              2400.00 USD

2024-11-04 * "BANK FEES" "Monthly bank fee"
  Assets:US:BofA:Checking                           -4.00 USD
  Expenses:Financial:Fees                            4.00 USD

2024-11-08 balance Assets:US:BofA:Checking        3307.17 USD

2024-11-09 * "EDISON POWER" ""
  Assets:US:BofA:Checking                          -65.00 USD
  Expenses:Home:Electricity                         65.00 USD

2024-11-19 * "Verizon Wireless" ""
  Assets:US:BofA:Checking                          -65.81 USD
  Expenses:Home:Phone                               65.81 USD

2024-11-23 * "Wine-Tarner Cable" ""
  Assets:US:BofA:Checking                          -80.05 USD
  Expenses:Home:Internet                            80.05 USD

2024-12-04 * "BANK FEES" "Monthly bank fee"
  Assets:US:BofA:Checking                           -4.00 USD
  Expenses:Financial:Fees                            4.00 USD

2024-12-05 balance Assets:US:BofA:Checking        4943.47 USD

2024-12-06 * "RiverBank Properties" "Paying the rent"
  Assets:US:BofA:Checking                        -2400.00 USD
  Expenses:Home:Rent                              2400.00 USD

2024-12-08 * "EDISON POWER" ""
  Assets:US:BofA:Checking                          -65.00 USD
  Expenses:Home:Electricity                         65.00 USD

2024-12-19 * "Verizon Wireless" ""
  Assets:US:BofA:Checking                          -47.52 USD
  Expenses:Home:Phone                               47.52 USD

2024-12-23 * "Wine-Tarner Cable" ""
  Assets:US:BofA:Checking                          -79.96 USD
  Expenses:Home:Internet                            79.96 USD

2025-01-04 balance Assets:US:BofA:Checking        8427.16 USD

2025-01-04 * "BANK FEES" "Monthly bank fee"
  Assets:US:BofA:Checking                           -4.00 USD
  Expenses:Financial:Fees                            4.00 USD

2025-01-06 * "RiverBank Properties" "Paying the rent"
  Assets:US:BofA:Checking                        -2400.00 USD
  Expenses:Home:Rent                              2400.00 USD

2025-01-08 * "EDISON POWER" ""
  Assets:US:BofA:Checking                          -65.00 USD
  Expenses:Home:Electricity                         65.00 USD

2025-01-20 * "Verizon Wireless" ""
  Assets:US:BofA:Checking                          -51.19 USD
  Expenses:Home:Phone                               51.19 USD

2025-01-21 * "Wine-Tarner Cable" ""
  Assets:US:BofA:Checking                          -80.08 USD
  Expenses:Home:Internet                            80.08 USD

2025-01-24 balance Assets:US:BofA:Checking        6549.18 USD

2025-02-04 * "BANK FEES" "Monthly bank fee"
  Assets:US:BofA:Checking                           -4.00 USD
  Expenses:Financial:Fees                            4.00 USD

2025-02-06 * "RiverBank Properties" "Paying the rent"
  Assets:US:BofA:Checking                        -2400.00 USD
  Expenses:Home:Rent                              2400.00 USD

2025-02-09 * "EDISON POWER" ""
  Assets:US:BofA:Checking                          -65.00 USD
  Expenses:Home:Electricity                         65.00 USD

2025-02-20 * "Verizon Wireless" ""
  Assets:US:BofA:Checking                          -62.36 USD
  Expenses:Home:Phone                               62.36 USD

2025-02-22 balance Assets:US:BofA:Checking        6025.12 USD

2025-02-22 * "Wine-Tarner Cable" ""
  Assets:US:BofA:Checking                          -79.95 USD
  Expenses:Home:Internet                            79.95 USD

2025-03-04 * "BANK FEES" "Monthly bank fee"
  Assets:US:BofA:Checking                           -4.00 USD
  Expenses:Financial:Fees                            4.00 USD

2025-03-04 * "RiverBank Properties" "Paying the rent"
  Assets:US:BofA:Checking                        -2400.00 USD
  Expenses:Home:Rent                              2400.00 USD

2025-03-08 * "EDISON POWER" ""
  Assets:US:BofA:Checking                          -65.00 USD
  Expenses:Home:Electricity                         65.00 USD

2025-03-18 * "Verizon Wireless" ""
  Assets:US:BofA:Checking                          -49.90 USD
  Expenses:Home:Phone                               49.90 USD

2025-03-21 balance Assets:US:BofA:Checking        5555.71 USD

2025-03-23 * "Wine-Tarner Cable" ""
  Assets:US:BofA:Checking                          -79.95 USD
  Expenses:Home:Internet                            79.95 USD

2025-04-04 * "BANK FEES" "Monthly bank fee"
  Assets:US:BofA:Checking                           -4.00 USD
  Expenses:Financial:Fees                            4.00 USD

2025-04-04 * "RiverBank Properties" "Paying the rent"
  Assets:US:BofA:Checking                        -2400.00 USD
  Expenses:Home:Rent                              2400.00 USD

2025-04-09 * "EDISON POWER" ""
  Assets:US:BofA:Checking                          -65.00 USD
  Expenses:Home:Electricity                         65.00 USD

2025-04-19 balance Assets:US:BofA:Checking        4202.79 USD

2025-04-20 * "Verizon Wireless" ""
  Assets:US:BofA:Checking                          -66.38 USD
  Expenses:Home:Phone                               66.38 USD

2025-04-22 * "Wine-Tarner Cable" ""
  Assets:US:BofA:Checking                          -79.94 USD
  Expenses:Home:Internet                            79.94 USD

2025-05-04 * "BANK FEES" "Monthly bank fee"
  Assets:US:BofA:Checking                           -4.00 USD
  Expenses:Financial:Fees                            4.00 USD

2025-05-04 * "RiverBank Properties" "Paying the rent"
  Assets:US:BofA:Checking                        -2400.00 USD
  Expenses:Home:Rent                              2400.00 USD

2025-05-08 * "EDISON POWER" ""
  Assets:US:BofA:Checking                          -65.00 USD
  Expenses:Home:Electricity                         65.00 USD

2025-05-10 balance Assets:US:BofA:Checking        3754.02 USD

2025-05-20 * "Verizon Wireless" ""
  Assets:US:BofA:Checking                          -52.79 USD
  Expenses:Home:Phone                               52.79 USD

2025-05-21 * "Wine-Tarner Cable" ""
  Assets:US:BofA:Checking                          -80.05 USD
  Expenses:Home:Internet                            80.05 USD

2025-06-03 balance Assets:US:BofA:Checking        4971.78 USD

2025-06-04 * "BANK FEES" "Monthly bank fee"
  Assets:US:BofA:Checking                           -4.00 USD
  Expenses:Financial:Fees                            4.00 USD

2025-06-05 * "RiverBank Properties" "Paying the rent"
  Assets:US:BofA:Checking                        -2400.00 USD
  Expenses:Home:Rent                              2400.00 USD

2025-06-08 * "EDISON POWER" ""
  Assets:US:BofA:Checking                          -65.00 USD
  Expenses:Home:Electricity                         65.00 USD

2025-06-19 * "Verizon Wireless" ""
  Assets:US:BofA:Checking                          -69.25 USD
  Expenses:Home:Phone                               69.25 USD

2025-06-23 * "Wine-Tarner Cable" ""
  Assets:US:BofA:Checking                          -79.96 USD
  Expenses:Home:Internet                            79.96 USD

2025-07-01 balance Assets:US:BofA:Checking        4443.94 USD

2025-07-04 * "BANK FEES" "Monthly bank fee"
  Assets:US:BofA:Checking                           -4.00 USD
  Expenses:Financial:Fees                            4.00 USD

2025-07-06 * "RiverBank Properties" "Paying the rent"
  Assets:US:BofA:Checking                        -2400.00 USD
  Expenses:Home:Rent                              2400.00 USD

2025-07-08 * "EDISON POWER" ""
  Assets:US:BofA:Checking                          -65.00 USD
  Expenses:Home:Electricity                         65.00 USD

2025-07-18 * "Verizon Wireless" ""
  Assets:US:BofA:Checking                          -50.04 USD
  Expenses:Home:Phone                               50.04 USD

2025-07-23 * "Wine-Tarner Cable" ""
  Assets:US:BofA:Checking                          -80.14 USD
  Expenses:Home:Internet                            80.14 USD

2025-07-30 balance Assets:US:BofA:Checking        3774.73 USD

2025-08-04 * "BANK FEES" "Monthly bank fee"
  Assets:US:BofA:Checking                           -4.00 USD
  Expenses:Financial:Fees                            4.00 USD

2025-08-05 * "RiverBank Properties" "Paying the rent"
  Assets:US:BofA:Checking                        -2400.00 USD
  Expenses:Home:Rent                              2400.00 USD

2025-08-08 * "EDISON POWER" ""
  Assets:US:BofA:Checking                          -65.00 USD
  Expenses:Home:Electricity                         65.00 USD

2025-08-15 * "Transfering accumulated savings to other account"
  Assets:US:BofA:Checking                           -4000 USD
  Assets:US:ETrade:Cash                              4000 USD

2025-08-20 * "Verizon Wireless" ""
  Assets:US:BofA:Checking                          -49.71 USD
  Expenses:Home:Phone                               49.71 USD

2025-08-22 * "Wine-Tarner Cable" ""
  Assets:US:BofA:Checking                          -79.97 USD
  Expenses:Home:Internet                            79.97 USD

2025-08-24 balance Assets:US:BofA:Checking        1156.52 USD

2025-09-03 * "RiverBank Properties" "Paying the rent"
  Assets:US:BofA:Checking                        -2400.00 USD
  Expenses:Home:Rent                              2400.00 USD

2025-09-04 * "BANK FEES" "Monthly bank fee"
  Assets:US:BofA:Checking                           -4.00 USD
  Expenses:Financial:Fees                            4.00 USD

2025-09-09 * "EDISON POWER" ""
  Assets:US:BofA:Checking                          -65.00 USD
  Expenses:Home:Electricity                         65.00 USD

2025-09-13 balance Assets:US:BofA:Checking        3106.62 USD

2025-09-18 * "Verizon Wireless" ""
  Assets:US:BofA:Checking                          -70.89 USD
  Expenses:Home:Phone                               70.89 USD

2025-09-21 * "Wine-Tarner Cable" ""
  Assets:US:BofA:Checking                          -80.02 USD
  Expenses:Home:Internet                            80.02 USD

2025-09-26 * "Transfering accumulated savings to other account"
  Assets:US:BofA:Checking                           -5000 USD
  Assets:US:ETrade:Cash                              5000 USD

2025-10-04 * "BANK FEES" "Monthly bank fee"
  Assets:US:BofA:Checking                           -4.00 USD
  Expenses:Financial:Fees                            4.00 USD

2025-10-05 balance Assets:US:BofA:Checking         502.31 USD

2025-10-24 * "Transfering accumulated savings to other account"
  Assets:US:BofA:Checking                           -5000 USD
  Assets:US:ETrade:Cash                              5000 USD



* Credit-Cards

1980-05-12 open Liabilities:US:Chase:Slate                      USD

2023-01-06 * "China Garden" "Eating out with Joe"
  Liabilities:US:Chase:Slate                       -37.32 USD
  Expenses:Food:Restaurant                          37.32 USD

2023-01-08 * "Cafe Modagor" "Eating out after work"
  Liabilities:US:Chase:Slate                       -36.98 USD
  Expenses:Food:Restaurant                          36.98 USD

2023-01-08 * "Chase:Slate" "Paying off credit card"
  Liabilities:US:Chase:Slate                        74.30 USD
  Assets:US:BofA:Checking                          -74.30 USD

2023-01-12 * "Cafe Modagor" "Eating out with Joe"
  Liabilities:US:Chase:Slate                       -25.63 USD
  Expenses:Food:Restaurant                          25.63 USD

2023-01-13 * "Good Moods Market" "Buying groceries"
  Liabilities:US:Chase:Slate                       -70.71 USD
  Expenses:Food:Groceries                           70.71 USD

2023-01-17 * "China Garden" "Eating out with Julie"
  Liabilities:US:Chase:Slate                       -51.14 USD
  Expenses:Food:Restaurant                          51.14 USD

2023-01-18 * "Chichipotle" "Eating out with Joe"
  Liabilities:US:Chase:Slate                       -21.26 USD
  Expenses:Food:Restaurant                          21.26 USD

2023-01-20 * "Rose Flower" "Eating out with Julie"
  Liabilities:US:Chase:Slate                       -17.28 USD
  Expenses:Food:Restaurant                          17.28 USD

2023-01-24 balance Liabilities:US:Chase:Slate     -186.02 USD

2023-01-24 * "Good Moods Market" "Buying groceries"
  Liabilities:US:Chase:Slate                       -64.52 USD
  Expenses:Food:Groceries                           64.52 USD

2023-01-25 * "Kin Soy" "Eating out with Natasha"
  Liabilities:US:Chase:Slate                       -41.98 USD
  Expenses:Food:Restaurant                          41.98 USD

2023-01-28 * "Metro Transport Authority" "Tram tickets"
  Liabilities:US:Chase:Slate                      -120.00 USD
  Expenses:Transport:Tram                          120.00 USD

2023-01-29 * "Chichipotle" "Eating out after work"
  Liabilities:US:Chase:Slate                       -19.36 USD
  Expenses:Food:Restaurant                          19.36 USD

2023-02-03 * "Goba Goba" "Eating out with Bill"
  Liabilities:US:Chase:Slate                       -35.56 USD
  Expenses:Food:Restaurant                          35.56 USD

2023-02-04 * "Onion Market" "Buying groceries"
  Liabilities:US:Chase:Slate                      -103.34 USD
  Expenses:Food:Groceries                          103.34 USD

2023-02-06 * "Goba Goba" "Eating out after work"
  Liabilities:US:Chase:Slate                       -35.41 USD
  Expenses:Food:Restaurant                          35.41 USD

2023-02-09 * "Uncle Boons" "Eating out with Natasha"
  Liabilities:US:Chase:Slate                       -29.21 USD
  Expenses:Food:Restaurant                          29.21 USD

2023-02-10 * "Cafe Modagor" "Eating out with Natasha"
  Liabilities:US:Chase:Slate                       -23.31 USD
  Expenses:Food:Restaurant                          23.31 USD

2023-02-10 * "Chase:Slate" "Paying off credit card"
  Liabilities:US:Chase:Slate                       658.71 USD
  Assets:US:BofA:Checking                         -658.71 USD

2023-02-11 * "Onion Market" "Buying groceries"
  Liabilities:US:Chase:Slate                      -107.68 USD
  Expenses:Food:Groceries                          107.68 USD

2023-02-12 * "Goba Goba" "Eating out "
  Liabilities:US:Chase:Slate                       -36.39 USD
  Expenses:Food:Restaurant                          36.39 USD

2023-02-15 balance Liabilities:US:Chase:Slate     -144.07 USD

2023-02-15 * "Jewel of Morroco" "Eating out with Julie"
  Liabilities:US:Chase:Slate                       -38.33 USD
  Expenses:Food:Restaurant                          38.33 USD

2023-02-18 * "Jewel of Morroco" "Eating out with Bill"
  Liabilities:US:Chase:Slate                       -41.69 USD
  Expenses:Food:Restaurant                          41.69 USD

2023-02-19 * "Jewel of Morroco" "Eating out with work buddies"
  Liabilities:US:Chase:Slate                       -60.59 USD
  Expenses:Food:Restaurant                          60.59 USD

2023-02-20 * "Uncle Boons" "Eating out alone"
  Liabilities:US:Chase:Slate                       -13.03 USD
  Expenses:Food:Restaurant                          13.03 USD

2023-02-22 * "Jewel of Morroco" "Eating out with Joe"
  Liabilities:US:Chase:Slate                       -51.88 USD
  Expenses:Food:Restaurant                          51.88 USD

2023-02-24 * "Cafe Modagor" "Eating out with Joe"
  Liabilities:US:Chase:Slate                       -37.67 USD
  Expenses:Food:Restaurant                          37.67 USD

2023-02-25 * "Jewel of Morroco" "Eating out with Bill"
  Liabilities:US:Chase:Slate                       -46.67 USD
  Expenses:Food:Restaurant                          46.67 USD

2023-02-27 * "Onion Market" "Buying groceries"
  Liabilities:US:Chase:Slate                       -73.56 USD
  Expenses:Food:Groceries                           73.56 USD

2023-03-01 * "Goba Goba" "Eating out after work"
  Liabilities:US:Chase:Slate                       -31.50 USD
  Expenses:Food:Restaurant                          31.50 USD

2023-03-02 * "Metro Transport Authority" "Tram tickets"
  Liabilities:US:Chase:Slate                      -120.00 USD
  Expenses:Transport:Tram                          120.00 USD

2023-03-03 * "China Garden" "Eating out "
  Liabilities:US:Chase:Slate                       -44.61 USD
  Expenses:Food:Restaurant                          44.61 USD

2023-03-05 * "Rose Flower" "Eating out "
  Liabilities:US:Chase:Slate                       -37.89 USD
  Expenses:Food:Restaurant                          37.89 USD

2023-03-08 * "Chase:Slate" "Paying off credit card"
  Liabilities:US:Chase:Slate                       767.19 USD
  Assets:US:BofA:Checking                         -767.19 USD

2023-03-10 * "Cafe Modagor" "Eating out with work buddies"
  Liabilities:US:Chase:Slate                       -25.70 USD
  Expenses:Food:Restaurant                          25.70 USD

2023-03-13 * "Corner Deli" "Buying groceries"
  Liabilities:US:Chase:Slate                       -76.50 USD
  Expenses:Food:Groceries                           76.50 USD

2023-03-14 * "Chichipotle" "Eating out with work buddies"
  Liabilities:US:Chase:Slate                       -23.30 USD
  Expenses:Food:Restaurant                          23.30 USD

2023-03-15 balance Liabilities:US:Chase:Slate      -99.80 USD

2023-03-17 * "Rose Flower" "Eating out with Bill"
  Liabilities:US:Chase:Slate                       -50.83 USD
  Expenses:Food:Restaurant                          50.83 USD

2023-03-19 * "Chichipotle" "Eating out with Bill"
  Liabilities:US:Chase:Slate                       -50.15 USD
  Expenses:Food:Restaurant                          50.15 USD

2023-03-22 * "Uncle Boons" "Eating out alone"
  Liabilities:US:Chase:Slate                       -36.45 USD
  Expenses:Food:Restaurant                          36.45 USD

2023-03-25 * "Uncle Boons" "Eating out "
  Liabilities:US:Chase:Slate                       -38.24 USD
  Expenses:Food:Restaurant                          38.24 USD

2023-03-30 * "Kin Soy" "Eating out with work buddies"
  Liabilities:US:Chase:Slate                       -17.54 USD
  Expenses:Food:Restaurant                          17.54 USD

2023-03-31 * "Onion Market" "Buying groceries"
  Liabilities:US:Chase:Slate                      -120.45 USD
  Expenses:Food:Groceries                          120.45 USD

2023-04-01 * "Metro Transport Authority" "Tram tickets"
  Liabilities:US:Chase:Slate                      -120.00 USD
  Expenses:Transport:Tram                          120.00 USD

2023-04-04 * "Cafe Modagor" "Eating out with Julie"
  Liabilities:US:Chase:Slate                       -48.66 USD
  Expenses:Food:Restaurant                          48.66 USD

2023-04-05 * "Good Moods Market" "Buying groceries"
  Liabilities:US:Chase:Slate                       -69.85 USD
  Expenses:Food:Groceries                           69.85 USD

2023-04-09 * "Jewel of Morroco" "Eating out with Bill"
  Liabilities:US:Chase:Slate                       -21.84 USD
  Expenses:Food:Restaurant                          21.84 USD

2023-04-10 balance Liabilities:US:Chase:Slate     -673.81 USD

2023-04-11 * "Chichipotle" "Eating out with work buddies"
  Liabilities:US:Chase:Slate                       -14.71 USD
  Expenses:Food:Restaurant                          14.71 USD

2023-04-11 * "Chase:Slate" "Paying off credit card"
  Liabilities:US:Chase:Slate                       688.52 USD
  Assets:US:BofA:Checking                         -688.52 USD

2023-04-16 * "Jewel of Morroco" "Eating out "
  Liabilities:US:Chase:Slate                       -32.75 USD
  Expenses:Food:Restaurant                          32.75 USD

2023-04-17 * "Jewel of Morroco" "Eating out after work"
  Liabilities:US:Chase:Slate                       -26.84 USD
  Expenses:Food:Restaurant                          26.84 USD

2023-04-20 * "Chichipotle" "Eating out "
  Liabilities:US:Chase:Slate                       -67.31 USD
  Expenses:Food:Restaurant                          67.31 USD

2023-04-21 * "Goba Goba" "Eating out with Natasha"
  Liabilities:US:Chase:Slate                       -45.71 USD
  Expenses:Food:Restaurant                          45.71 USD

2023-04-23 * "Cafe Modagor" "Eating out "
  Liabilities:US:Chase:Slate                       -42.57 USD
  Expenses:Food:Restaurant                          42.57 USD

2023-04-25 * "Farmer Fresh" "Buying groceries"
  Liabilities:US:Chase:Slate                       -75.48 USD
  Expenses:Food:Groceries                           75.48 USD

2023-04-28 * "Cafe Modagor" "Eating out "
  Liabilities:US:Chase:Slate                       -44.89 USD
  Expenses:Food:Restaurant                          44.89 USD

2023-04-29 * "Metro Transport Authority" "Tram tickets"
  Liabilities:US:Chase:Slate                      -120.00 USD
  Expenses:Transport:Tram                          120.00 USD

2023-04-30 balance Liabilities:US:Chase:Slate     -455.55 USD

2023-04-30 * "Uncle Boons" "Eating out with Bill"
  Liabilities:US:Chase:Slate                       -35.20 USD
  Expenses:Food:Restaurant                          35.20 USD

2023-05-04 * "Jewel of Morroco" "Eating out alone"
  Liabilities:US:Chase:Slate                       -36.53 USD
  Expenses:Food:Restaurant                          36.53 USD

2023-05-07 * "Jewel of Morroco" "Eating out alone"
  Liabilities:US:Chase:Slate                       -27.03 USD
  Expenses:Food:Restaurant                          27.03 USD

2023-05-07 * "Chase:Slate" "Paying off credit card"
  Liabilities:US:Chase:Slate                       554.31 USD
  Assets:US:BofA:Checking                         -554.31 USD

2023-05-08 * "Farmer Fresh" "Buying groceries"
  Liabilities:US:Chase:Slate                       -72.20 USD
  Expenses:Food:Groceries                           72.20 USD

2023-05-11 * "Kin Soy" "Eating out with work buddies"
  Liabilities:US:Chase:Slate                       -44.86 USD
  Expenses:Food:Restaurant                          44.86 USD

2023-05-12 * "Uncle Boons" "Eating out with Natasha"
  Liabilities:US:Chase:Slate                       -17.12 USD
  Expenses:Food:Restaurant                          17.12 USD

2023-05-15 * "Goba Goba" "Eating out alone"
  Liabilities:US:Chase:Slate                       -40.47 USD
  Expenses:Food:Restaurant                          40.47 USD

2023-05-20 * "Rose Flower" "Eating out with Natasha"
  Liabilities:US:Chase:Slate                       -43.71 USD
  Expenses:Food:Restaurant                          43.71 USD

2023-05-23 * "Chichipotle" "Eating out with Bill"
  Liabilities:US:Chase:Slate                       -30.74 USD
  Expenses:Food:Restaurant                          30.74 USD

2023-05-25 balance Liabilities:US:Chase:Slate     -249.10 USD

2023-05-27 * "Farmer Fresh" "Buying groceries"
  Liabilities:US:Chase:Slate                       -48.70 USD
  Expenses:Food:Groceries                           48.70 USD

2023-05-28 * "Jewel of Morroco" "Eating out with work buddies"
  Liabilities:US:Chase:Slate                       -31.07 USD
  Expenses:Food:Restaurant                          31.07 USD

2023-05-29 * "Metro Transport Authority" "Tram tickets"
  Liabilities:US:Chase:Slate                      -120.00 USD
  Expenses:Transport:Tram                          120.00 USD

2023-06-01 * "Cafe Modagor" "Eating out with Joe"
  Liabilities:US:Chase:Slate                       -43.57 USD
  Expenses:Food:Restaurant                          43.57 USD

2023-06-06 * "Chichipotle" "Eating out with Julie"
  Liabilities:US:Chase:Slate                       -17.83 USD
  Expenses:Food:Restaurant                          17.83 USD

2023-06-07 * "Chase:Slate" "Paying off credit card"
  Liabilities:US:Chase:Slate                       534.21 USD
  Assets:US:BofA:Checking                         -534.21 USD

2023-06-08 * "China Garden" "Eating out with work buddies"
  Liabilities:US:Chase:Slate                       -23.94 USD
  Expenses:Food:Restaurant                          23.94 USD

2023-06-09 * "Uncle Boons" "Eating out with Natasha"
  Liabilities:US:Chase:Slate                       -31.54 USD
  Expenses:Food:Restaurant                          31.54 USD

2023-06-10 * "Kin Soy" "Eating out after work"
  Liabilities:US:Chase:Slate                       -11.93 USD
  Expenses:Food:Restaurant                          11.93 USD

2023-06-10 * "Farmer Fresh" "Buying groceries"
  Liabilities:US:Chase:Slate                      -109.25 USD
  Expenses:Food:Groceries                          109.25 USD

2023-06-15 * "Goba Goba" "Eating out with Natasha"
  Liabilities:US:Chase:Slate                       -32.33 USD
  Expenses:Food:Restaurant                          32.33 USD

2023-06-17 * "Kin Soy" "Eating out "
  Liabilities:US:Chase:Slate                       -47.14 USD
  Expenses:Food:Restaurant                          47.14 USD

2023-06-21 * "Uncle Boons" "Eating out with Natasha"
  Liabilities:US:Chase:Slate                       -39.92 USD
  Expenses:Food:Restaurant                          39.92 USD

2023-06-24 balance Liabilities:US:Chase:Slate     -272.11 USD

2023-06-25 * "Rose Flower" "Eating out after work"
  Liabilities:US:Chase:Slate                       -20.89 USD
  Expenses:Food:Restaurant                          20.89 USD

2023-06-25 * "Good Moods Market" "Buying groceries"
  Liabilities:US:Chase:Slate                       -79.67 USD
  Expenses:Food:Groceries                           79.67 USD

2023-06-28 * "Chichipotle" "Eating out alone"
  Liabilities:US:Chase:Slate                       -48.41 USD
  Expenses:Food:Restaurant                          48.41 USD

2023-06-30 * "Goba Goba" "Eating out alone"
  Liabilities:US:Chase:Slate                       -17.47 USD
  Expenses:Food:Restaurant                          17.47 USD

2023-07-01 * "Metro Transport Authority" "Tram tickets"
  Liabilities:US:Chase:Slate                      -120.00 USD
  Expenses:Transport:Tram                          120.00 USD

2023-07-03 * "China Garden" "Eating out with Joe"
  Liabilities:US:Chase:Slate                       -46.84 USD
  Expenses:Food:Restaurant                          46.84 USD

2023-07-08 * "China Garden" "Eating out "
  Liabilities:US:Chase:Slate                       -30.57 USD
  Expenses:Food:Restaurant                          30.57 USD

2023-07-10 * "Good Moods Market" "Buying groceries"
  Liabilities:US:Chase:Slate                       -79.52 USD
  Expenses:Food:Groceries                           79.52 USD

2023-07-10 * "Chase:Slate" "Paying off credit card"
  Liabilities:US:Chase:Slate                       715.48 USD
  Assets:US:BofA:Checking                         -715.48 USD

2023-07-11 event "location" "New York"

2023-07-12 * "Laut" "" #trip-new-york-2023
  Liabilities:US:Chase:Slate                       -30.69 USD
  Expenses:Food:Restaurant                          30.69 USD

2023-07-12 * "La Colombe" "" #trip-new-york-2023
  Liabilities:US:Chase:Slate                        -7.14 USD
  Expenses:Food:Coffee                               7.14 USD

2023-07-13 * "Takahachi" "" #trip-new-york-2023
  Liabilities:US:Chase:Slate                       -48.35 USD
  Expenses:Food:Restaurant                          48.35 USD

2023-07-13 * "Gimme! Coffee" "" #trip-new-york-2023
  Liabilities:US:Chase:Slate                        -5.16 USD
  Expenses:Food:Coffee                               5.16 USD

2023-07-14 * "Takahachi" "" #trip-new-york-2023
  Liabilities:US:Chase:Slate                       -49.24 USD
  Expenses:Food:Restaurant                          49.24 USD

2023-07-14 * "Laut" "" #trip-new-york-2023
  Liabilities:US:Chase:Slate                       -27.50 USD
  Expenses:Food:Restaurant                          27.50 USD

2023-07-15 balance Liabilities:US:Chase:Slate     -168.08 USD

2023-07-15 * "Laut" "" #trip-new-york-2023
  Liabilities:US:Chase:Slate                       -28.36 USD
  Expenses:Food:Restaurant                          28.36 USD

2023-07-15 * "La Colombe" "" #trip-new-york-2023
  Liabilities:US:Chase:Slate                        -4.30 USD
  Expenses:Food:Coffee                               4.30 USD

2023-07-15 * "Gimme! Coffee" "" #trip-new-york-2023
  Liabilities:US:Chase:Slate                        -8.04 USD
  Expenses:Food:Coffee                               8.04 USD

2023-07-16 * "Uncle Boons" "" #trip-new-york-2023
  Liabilities:US:Chase:Slate                       -34.20 USD
  Expenses:Food:Restaurant                          34.20 USD

2023-07-16 * "Cafe Select" "" #trip-new-york-2023
  Liabilities:US:Chase:Slate                       -32.78 USD
  Expenses:Food:Restaurant                          32.78 USD

2023-07-16 * "Laut" "" #trip-new-york-2023
  Liabilities:US:Chase:Slate                       -33.71 USD
  Expenses:Food:Restaurant                          33.71 USD

2023-07-16 * "Gimme! Coffee" "" #trip-new-york-2023
  Liabilities:US:Chase:Slate                        -7.33 USD
  Expenses:Food:Coffee                               7.33 USD

2023-07-17 * "Uncle Boons" "" #trip-new-york-2023
  Liabilities:US:Chase:Slate                       -41.70 USD
  Expenses:Food:Restaurant                          41.70 USD

2023-07-17 * "Cafe Select" "" #trip-new-york-2023
  Liabilities:US:Chase:Slate                       -34.21 USD
  Expenses:Food:Restaurant                          34.21 USD

2023-07-19 * "Uncle Boons" "" #trip-new-york-2023
  Liabilities:US:Chase:Slate                       -50.23 USD
  Expenses:Food:Restaurant                          50.23 USD

2023-07-19 * "Gimme! Coffee" "" #trip-new-york-2023
  Liabilities:US:Chase:Slate                        -6.44 USD
  Expenses:Food:Coffee                               6.44 USD

2023-07-20 * "La Colombe" "" #trip-new-york-2023
  Liabilities:US:Chase:Slate                        -5.28 USD
  Expenses:Food:Coffee                               5.28 USD

2023-07-20 * "Gimme! Coffee" "" #trip-new-york-2023
  Liabilities:US:Chase:Slate                        -7.27 USD
  Expenses:Food:Coffee                               7.27 USD

2023-07-20 * "Consume vacation days"
  Assets:US:Hoogle:Vacation                           -72 VACHR
  Expenses:Vacation                                    72 VACHR

2023-07-20 event "location" "New Metropolis"

2023-07-21 * "China Garden" "Eating out with Bill"
  Liabilities:US:Chase:Slate                       -48.74 USD
  Expenses:Food:Restaurant                          48.74 USD

2023-07-26 * "Jewel of Morroco" "Eating out alone"
  Liabilities:US:Chase:Slate                       -36.39 USD
  Expenses:Food:Restaurant                          36.39 USD

2023-07-31 * "Chichipotle" "Eating out after work"
  Liabilities:US:Chase:Slate                       -10.81 USD
  Expenses:Food:Restaurant                          10.81 USD

2023-08-02 * "Jewel of Morroco" "Eating out with Bill"
  Liabilities:US:Chase:Slate                       -49.98 USD
  Expenses:Food:Restaurant                          49.98 USD

2023-08-03 * "Corner Deli" "Buying groceries"
  Liabilities:US:Chase:Slate                       -75.74 USD
  Expenses:Food:Groceries                           75.74 USD

2023-08-03 * "Metro Transport Authority" "Tram tickets"
  Liabilities:US:Chase:Slate                      -120.00 USD
  Expenses:Transport:Tram                          120.00 USD

2023-08-04 * "Uncle Boons" "Eating out with Natasha"
  Liabilities:US:Chase:Slate                       -28.43 USD
  Expenses:Food:Restaurant                          28.43 USD

2023-08-07 balance Liabilities:US:Chase:Slate     -832.02 USD

2023-08-07 * "Chase:Slate" "Paying off credit card"
  Liabilities:US:Chase:Slate                       399.89 USD
  Assets:US:BofA:Checking                         -399.89 USD

2023-08-08 * "China Garden" "Eating out with work buddies"
  Liabilities:US:Chase:Slate                       -29.80 USD
  Expenses:Food:Restaurant                          29.80 USD

2023-08-12 * "Goba Goba" "Eating out with Julie"
  Liabilities:US:Chase:Slate                       -23.88 USD
  Expenses:Food:Restaurant                          23.88 USD

2023-08-16 * "Rose Flower" "Eating out "
  Liabilities:US:Chase:Slate                       -29.63 USD
  Expenses:Food:Restaurant                          29.63 USD

2023-08-16 * "Good Moods Market" "Buying groceries"
  Liabilities:US:Chase:Slate                       -91.94 USD
  Expenses:Food:Groceries                           91.94 USD

2023-08-19 * "Chichipotle" "Eating out after work"
  Liabilities:US:Chase:Slate                       -46.96 USD
  Expenses:Food:Restaurant                          46.96 USD

2023-08-23 * "Chichipotle" "Eating out alone"
  Liabilities:US:Chase:Slate                       -18.05 USD
  Expenses:Food:Restaurant                          18.05 USD

2023-08-25 * "Jewel of Morroco" "Eating out with Bill"
  Liabilities:US:Chase:Slate                       -18.45 USD
  Expenses:Food:Restaurant                          18.45 USD

2023-08-26 * "Kin Soy" "Eating out with work buddies"
  Liabilities:US:Chase:Slate                       -15.12 USD
  Expenses:Food:Restaurant                          15.12 USD

2023-08-29 * "Kin Soy" "Eating out with work buddies"
  Liabilities:US:Chase:Slate                       -19.12 USD
  Expenses:Food:Restaurant                          19.12 USD

2023-08-30 * "Chichipotle" "Eating out with Natasha"
  Liabilities:US:Chase:Slate                       -22.48 USD
  Expenses:Food:Restaurant                          22.48 USD

2023-09-03 * "Kin Soy" "Eating out with Bill"
  Liabilities:US:Chase:Slate                       -23.77 USD
  Expenses:Food:Restaurant                          23.77 USD

2023-09-04 * "Metro Transport Authority" "Tram tickets"
  Liabilities:US:Chase:Slate                      -120.00 USD
  Expenses:Transport:Tram                          120.00 USD

2023-09-05 * "Kin Soy" "Eating out with Natasha"
  Liabilities:US:Chase:Slate                       -33.67 USD
  Expenses:Food:Restaurant                          33.67 USD

2023-09-05 * "Corner Deli" "Buying groceries"
  Liabilities:US:Chase:Slate                       -92.08 USD
  Expenses:Food:Groceries                           92.08 USD

2023-09-06 balance Liabilities:US:Chase:Slate    -1017.08 USD

2023-09-06 * "Chichipotle" "Eating out alone"
  Liabilities:US:Chase:Slate                       -33.21 USD
  Expenses:Food:Restaurant                          33.21 USD

2023-09-07 * "Cafe Modagor" "Eating out with Joe"
  Liabilities:US:Chase:Slate                       -34.31 USD
  Expenses:Food:Restaurant                          34.31 USD

2023-09-09 * "Chase:Slate" "Paying off credit card"
  Liabilities:US:Chase:Slate                       660.16 USD
  Assets:US:BofA:Checking                         -660.16 USD

2023-09-11 * "Cafe Modagor" "Eating out with Julie"
  Liabilities:US:Chase:Slate                       -37.49 USD
  Expenses:Food:Restaurant                          37.49 USD

2023-09-15 * "China Garden" "Eating out with Joe"
  Liabilities:US:Chase:Slate                       -29.86 USD
  Expenses:Food:Restaurant                          29.86 USD

2023-09-20 * "Cafe Modagor" "Eating out with Bill"
  Liabilities:US:Chase:Slate                       -33.84 USD
  Expenses:Food:Restaurant                          33.84 USD

2023-09-21 * "Onion Market" "Buying groceries"
  Liabilities:US:Chase:Slate                       -62.35 USD
  Expenses:Food:Groceries                           62.35 USD

2023-09-22 * "Rose Flower" "Eating out alone"
  Liabilities:US:Chase:Slate                       -65.31 USD
  Expenses:Food:Restaurant                          65.31 USD

2023-09-25 * "China Garden" "Eating out with Julie"
  Liabilities:US:Chase:Slate                       -15.59 USD
  Expenses:Food:Restaurant                          15.59 USD

2023-09-29 * "Rose Flower" "Eating out with work buddies"
  Liabilities:US:Chase:Slate                       -18.71 USD
  Expenses:Food:Restaurant                          18.71 USD

2023-09-29 * "Farmer Fresh" "Buying groceries"
  Liabilities:US:Chase:Slate                       -72.24 USD
  Expenses:Food:Groceries                           72.24 USD

2023-10-01 balance Liabilities:US:Chase:Slate     -759.83 USD

2023-10-03 * "Rose Flower" "Eating out with Natasha"
  Liabilities:US:Chase:Slate                       -25.41 USD
  Expenses:Food:Restaurant                          25.41 USD

2023-10-06 * "Metro Transport Authority" "Tram tickets"
  Liabilities:US:Chase:Slate                      -120.00 USD
  Expenses:Transport:Tram                          120.00 USD

2023-10-07 * "Cafe Modagor" "Eating out alone"
  Liabilities:US:Chase:Slate                       -18.36 USD
  Expenses:Food:Restaurant                          18.36 USD

2023-10-07 * "Chase:Slate" "Paying off credit card"
  Liabilities:US:Chase:Slate                       461.67 USD
  Assets:US:BofA:Checking                         -461.67 USD

2023-10-11 * "Cafe Modagor" "Eating out "
  Liabilities:US:Chase:Slate                       -29.32 USD
  Expenses:Food:Restaurant                          29.32 USD

2023-10-16 * "Chichipotle" "Eating out alone"
  Liabilities:US:Chase:Slate                       -38.82 USD
  Expenses:Food:Restaurant                          38.82 USD

2023-10-18 * "Good Moods Market" "Buying groceries"
  Liabilities:US:Chase:Slate                       -68.93 USD
  Expenses:Food:Groceries                           68.93 USD

2023-10-20 * "Rose Flower" "Eating out after work"
  Liabilities:US:Chase:Slate                       -19.73 USD
  Expenses:Food:Restaurant                          19.73 USD

2023-10-23 * "Farmer Fresh" "Buying groceries"
  Liabilities:US:Chase:Slate                       -66.56 USD
  Expenses:Food:Groceries                           66.56 USD

2023-10-24 balance Liabilities:US:Chase:Slate     -685.29 USD

2023-10-24 * "Cafe Modagor" "Eating out with Joe"
  Liabilities:US:Chase:Slate                       -45.61 USD
  Expenses:Food:Restaurant                          45.61 USD

2023-10-29 * "Chichipotle" "Eating out with Bill"
  Liabilities:US:Chase:Slate                       -29.06 USD
  Expenses:Food:Restaurant                          29.06 USD

2023-11-03 * "Cafe Modagor" "Eating out with work buddies"
  Liabilities:US:Chase:Slate                       -23.81 USD
  Expenses:Food:Restaurant                          23.81 USD

2023-11-03 * "Metro Transport Authority" "Tram tickets"
  Liabilities:US:Chase:Slate                      -120.00 USD
  Expenses:Transport:Tram                          120.00 USD

2023-11-07 * "Cafe Modagor" "Eating out with Bill"
  Liabilities:US:Chase:Slate                       -22.43 USD
  Expenses:Food:Restaurant                          22.43 USD

2023-11-07 * "Chase:Slate" "Paying off credit card"
  Liabilities:US:Chase:Slate                       464.27 USD
  Assets:US:BofA:Checking                         -464.27 USD

2023-11-09 * "Goba Goba" "Eating out with Natasha"
  Liabilities:US:Chase:Slate                       -45.66 USD
  Expenses:Food:Restaurant                          45.66 USD

2023-11-10 * "China Garden" "Eating out with work buddies"
  Liabilities:US:Chase:Slate                       -37.41 USD
  Expenses:Food:Restaurant                          37.41 USD

2023-11-12 * "Good Moods Market" "Buying groceries"
  Liabilities:US:Chase:Slate                       -78.02 USD
  Expenses:Food:Groceries                           78.02 USD

2023-11-15 * "Jewel of Morroco" "Eating out with Joe"
  Liabilities:US:Chase:Slate                       -58.76 USD
  Expenses:Food:Restaurant                          58.76 USD

2023-11-18 * "Farmer Fresh" "Buying groceries"
  Liabilities:US:Chase:Slate                       -99.95 USD
  Expenses:Food:Groceries                           99.95 USD

2023-11-20 balance Liabilities:US:Chase:Slate     -781.73 USD

2023-11-20 * "China Garden" "Eating out after work"
  Liabilities:US:Chase:Slate                       -32.78 USD
  Expenses:Food:Restaurant                          32.78 USD

2023-11-25 * "Chichipotle" "Eating out with work buddies"
  Liabilities:US:Chase:Slate                       -38.11 USD
  Expenses:Food:Restaurant                          38.11 USD

2023-11-30 * "Cafe Modagor" "Eating out with Natasha"
  Liabilities:US:Chase:Slate                       -29.09 USD
  Expenses:Food:Restaurant                          29.09 USD

2023-12-02 * "Chichipotle" "Eating out with Joe"
  Liabilities:US:Chase:Slate                       -39.27 USD
  Expenses:Food:Restaurant                          39.27 USD

2023-12-04 * "Metro Transport Authority" "Tram tickets"
  Liabilities:US:Chase:Slate                      -120.00 USD
  Expenses:Transport:Tram                          120.00 USD

2023-12-06 * "Jewel of Morroco" "Eating out with work buddies"
  Liabilities:US:Chase:Slate                       -48.73 USD
  Expenses:Food:Restaurant                          48.73 USD

2023-12-08 * "Good Moods Market" "Buying groceries"
  Liabilities:US:Chase:Slate                       -46.62 USD
  Expenses:Food:Groceries                           46.62 USD

2023-12-11 * "Kin Soy" "Eating out with Julie"
  Liabilities:US:Chase:Slate                       -20.99 USD
  Expenses:Food:Restaurant                          20.99 USD

2023-12-11 * "Chase:Slate" "Paying off credit card"
  Liabilities:US:Chase:Slate                       695.39 USD
  Assets:US:BofA:Checking                         -695.39 USD

2023-12-12 * "Chichipotle" "Eating out with Julie"
  Liabilities:US:Chase:Slate                       -18.17 USD
  Expenses:Food:Restaurant                          18.17 USD

2023-12-14 balance Liabilities:US:Chase:Slate     -480.10 USD

2023-12-15 * "China Garden" "Eating out with Natasha"
  Liabilities:US:Chase:Slate                       -34.52 USD
  Expenses:Food:Restaurant                          34.52 USD

2023-12-19 * "Uncle Boons" "Eating out after work"
  Liabilities:US:Chase:Slate                       -40.92 USD
  Expenses:Food:Restaurant                          40.92 USD

2023-12-20 * "Chichipotle" "Eating out with Bill"
  Liabilities:US:Chase:Slate                       -44.30 USD
  Expenses:Food:Restaurant                          44.30 USD

2023-12-22 * "Good Moods Market" "Buying groceries"
  Liabilities:US:Chase:Slate                       -94.74 USD
  Expenses:Food:Groceries                           94.74 USD

2023-12-25 event "location" "San Francisco"

2023-12-26 * "Waterbar" "" #trip-san-francisco-2023
  Liabilities:US:Chase:Slate                       -47.42 USD
  Expenses:Food:Restaurant                          47.42 USD

2023-12-28 * "Starbucks" "" #trip-san-francisco-2023
  Liabilities:US:Chase:Slate                        -5.08 USD
  Expenses:Food:Coffee                               5.08 USD

2023-12-29 * "Starbucks" "" #trip-san-francisco-2023
  Liabilities:US:Chase:Slate                        -5.06 USD
  Expenses:Food:Coffee                               5.06 USD

2023-12-30 * "Bar Crudo" "" #trip-san-francisco-2023
  Liabilities:US:Chase:Slate                       -71.32 USD
  Expenses:Food:Restaurant                          71.32 USD

2023-12-30 * "Mission Chinese Food" "" #trip-san-francisco-2023
  Liabilities:US:Chase:Slate                       -24.11 USD
  Expenses:Food:Restaurant                          24.11 USD

2023-12-30 * "Starbucks" "" #trip-san-francisco-2023
  Liabilities:US:Chase:Slate                        -7.02 USD
  Expenses:Food:Coffee                               7.02 USD

2023-12-31 * "Bar Crudo" "" #trip-san-francisco-2023
  Liabilities:US:Chase:Slate                       -78.38 USD
  Expenses:Food:Restaurant                          78.38 USD

2023-12-31 * "Mission Chinese Food" "" #trip-san-francisco-2023
  Liabilities:US:Chase:Slate                       -28.20 USD
  Expenses:Food:Restaurant                          28.20 USD

2024-01-01 * "Pizza Delfina" "" #trip-san-francisco-2023
  Liabilities:US:Chase:Slate                       -20.22 USD
  Expenses:Food:Restaurant                          20.22 USD

2024-01-01 * "Starbucks" "" #trip-san-francisco-2023
  Liabilities:US:Chase:Slate                        -4.68 USD
  Expenses:Food:Coffee                               4.68 USD

2024-01-02 * "Pizza Delfina" "" #trip-san-francisco-2023
  Liabilities:US:Chase:Slate                       -21.25 USD
  Expenses:Food:Restaurant                          21.25 USD

2024-01-03 * "Bar Crudo" "" #trip-san-francisco-2023
  Liabilities:US:Chase:Slate                       -56.46 USD
  Expenses:Food:Restaurant                          56.46 USD

2024-01-03 * "Starbucks" "" #trip-san-francisco-2023
  Liabilities:US:Chase:Slate                        -6.52 USD
  Expenses:Food:Coffee                               6.52 USD

2024-01-04 * "Mission Chinese Food" "" #trip-san-francisco-2023
  Liabilities:US:Chase:Slate                       -26.00 USD
  Expenses:Food:Restaurant                          26.00 USD

2024-01-05 * "Pizza Delfina" "" #trip-san-francisco-2023
  Liabilities:US:Chase:Slate                       -18.47 USD
  Expenses:Food:Restaurant                          18.47 USD

2024-01-06 * "Starbucks" "" #trip-san-francisco-2023
  Liabilities:US:Chase:Slate                        -5.61 USD
  Expenses:Food:Coffee                               5.61 USD

2024-01-07 * "Pizza Delfina" "" #trip-san-francisco-2023
  Liabilities:US:Chase:Slate                       -17.63 USD
  Expenses:Food:Restaurant                          17.63 USD

2024-01-07 * "Starbucks" "" #trip-san-francisco-2023
  Liabilities:US:Chase:Slate                        -6.15 USD
  Expenses:Food:Coffee                               6.15 USD

2024-01-08 * "Bar Crudo" "" #trip-san-francisco-2023
  Liabilities:US:Chase:Slate                       -75.21 USD
  Expenses:Food:Restaurant                          75.21 USD

2024-01-08 * "Pizza Delfina" "" #trip-san-francisco-2023
  Liabilities:US:Chase:Slate                       -19.10 USD
  Expenses:Food:Restaurant                          19.10 USD

2024-01-08 * "Waterbar" "" #trip-san-francisco-2023
  Liabilities:US:Chase:Slate                       -55.05 USD
  Expenses:Food:Restaurant                          55.05 USD

2024-01-08 * "Mission Chinese Food" "" #trip-san-francisco-2023
  Liabilities:US:Chase:Slate                       -23.24 USD
  Expenses:Food:Restaurant                          23.24 USD

2024-01-11 balance Liabilities:US:Chase:Slate    -1316.76 USD

2024-01-11 * "Mission Chinese Food" "" #trip-san-francisco-2023
  Liabilities:US:Chase:Slate                       -29.73 USD
  Expenses:Food:Restaurant                          29.73 USD

2024-01-11 * "Chase:Slate" "Paying off credit card"
  Liabilities:US:Chase:Slate                       282.47 USD
  Assets:US:BofA:Checking                         -282.47 USD

2024-01-12 * "Waterbar" "" #trip-san-francisco-2023
  Liabilities:US:Chase:Slate                       -59.10 USD
  Expenses:Food:Restaurant                          59.10 USD

2024-01-13 * "Starbucks" "" #trip-san-francisco-2023
  Liabilities:US:Chase:Slate                        -6.84 USD
  Expenses:Food:Coffee                               6.84 USD

2024-01-14 * "Bar Crudo" "" #trip-san-francisco-2023
  Liabilities:US:Chase:Slate                       -76.93 USD
  Expenses:Food:Restaurant                          76.93 USD

2024-01-14 * "Consume vacation days"
  Assets:US:Hoogle:Vacation                          -160 VACHR
  Expenses:Vacation                                   160 VACHR

2024-01-14 event "location" "New Metropolis"

2024-01-16 * "Rose Flower" "Eating out "
  Liabilities:US:Chase:Slate                       -49.82 USD
  Expenses:Food:Restaurant                          49.82 USD

2024-01-16 * "Onion Market" "Buying groceries"
  Liabilities:US:Chase:Slate                       -94.63 USD
  Expenses:Food:Groceries                           94.63 USD

2024-01-17 * "Rose Flower" "Eating out with work buddies"
  Liabilities:US:Chase:Slate                       -54.59 USD
  Expenses:Food:Restaurant                          54.59 USD

2024-01-19 * "Chichipotle" "Eating out with work buddies"
  Liabilities:US:Chase:Slate                       -33.45 USD
  Expenses:Food:Restaurant                          33.45 USD

2024-01-22 * "Jewel of Morroco" "Eating out with work buddies"
  Liabilities:US:Chase:Slate                       -16.92 USD
  Expenses:Food:Restaurant                          16.92 USD

2024-01-22 * "Onion Market" "Buying groceries"
  Liabilities:US:Chase:Slate                       -76.99 USD
  Expenses:Food:Groceries                           76.99 USD

2024-01-24 * "China Garden" "Eating out with Bill"
  Liabilities:US:Chase:Slate                       -25.00 USD
  Expenses:Food:Restaurant                          25.00 USD

2024-01-26 * "Uncle Boons" "Eating out with Bill"
  Liabilities:US:Chase:Slate                       -24.71 USD
  Expenses:Food:Restaurant                          24.71 USD

2024-01-28 * "Farmer Fresh" "Buying groceries"
  Liabilities:US:Chase:Slate                       -98.58 USD
  Expenses:Food:Groceries                           98.58 USD

2024-01-29 * "Rose Flower" "Eating out with work buddies"
  Liabilities:US:Chase:Slate                       -20.88 USD
  Expenses:Food:Restaurant                          20.88 USD

2024-02-01 balance Liabilities:US:Chase:Slate    -1702.46 USD

2024-02-02 * "Uncle Boons" "Eating out alone"
  Liabilities:US:Chase:Slate                       -13.43 USD
  Expenses:Food:Restaurant                          13.43 USD

2024-02-02 * "Metro Transport Authority" "Tram tickets"
  Liabilities:US:Chase:Slate                      -120.00 USD
  Expenses:Transport:Tram                          120.00 USD

2024-02-06 * "China Garden" "Eating out with Julie"
  Liabilities:US:Chase:Slate                       -42.36 USD
  Expenses:Food:Restaurant                          42.36 USD

2024-02-06 * "Onion Market" "Buying groceries"
  Liabilities:US:Chase:Slate                       -63.32 USD
  Expenses:Food:Groceries                           63.32 USD

2024-02-07 * "Jewel of Morroco" "Eating out after work"
  Liabilities:US:Chase:Slate                       -36.69 USD
  Expenses:Food:Restaurant                          36.69 USD

2024-02-09 * "Goba Goba" "Eating out with Bill"
  Liabilities:US:Chase:Slate                       -25.94 USD
  Expenses:Food:Restaurant                          25.94 USD

2024-02-10 * "Chase:Slate" "Paying off credit card"
  Liabilities:US:Chase:Slate                       769.01 USD
  Assets:US:BofA:Checking                         -769.01 USD

2024-02-11 * "Kin Soy" "Eating out with work buddies"
  Liabilities:US:Chase:Slate                       -21.52 USD
  Expenses:Food:Restaurant                          21.52 USD

2024-02-16 * "Uncle Boons" "Eating out "
  Liabilities:US:Chase:Slate                       -35.71 USD
  Expenses:Food:Restaurant                          35.71 USD

2024-02-16 * "Farmer Fresh" "Buying groceries"
  Liabilities:US:Chase:Slate                      -102.71 USD
  Expenses:Food:Groceries                          102.71 USD

2024-02-17 * "Cafe Modagor" "Eating out with Julie"
  Liabilities:US:Chase:Slate                       -39.70 USD
  Expenses:Food:Restaurant                          39.70 USD

2024-02-22 * "Jewel of Morroco" "Eating out alone"
  Liabilities:US:Chase:Slate                       -20.41 USD
  Expenses:Food:Restaurant                          20.41 USD

2024-02-23 * "Goba Goba" "Eating out with work buddies"
  Liabilities:US:Chase:Slate                       -48.38 USD
  Expenses:Food:Restaurant                          48.38 USD

2024-02-25 balance Liabilities:US:Chase:Slate    -1503.62 USD

2024-02-27 * "Cafe Modagor" "Eating out "
  Liabilities:US:Chase:Slate                       -17.13 USD
  Expenses:Food:Restaurant                          17.13 USD

2024-03-01 * "Corner Deli" "Buying groceries"
  Liabilities:US:Chase:Slate                       -59.52 USD
  Expenses:Food:Groceries                           59.52 USD

2024-03-02 * "Chichipotle" "Eating out with work buddies"
  Liabilities:US:Chase:Slate                       -36.68 USD
  Expenses:Food:Restaurant                          36.68 USD

2024-03-03 * "Goba Goba" "Eating out with Joe"
  Liabilities:US:Chase:Slate                       -56.76 USD
  Expenses:Food:Restaurant                          56.76 USD

2024-03-04 * "Goba Goba" "Eating out with Bill"
  Liabilities:US:Chase:Slate                       -24.86 USD
  Expenses:Food:Restaurant                          24.86 USD

2024-03-05 * "China Garden" "Eating out with work buddies"
  Liabilities:US:Chase:Slate                       -32.96 USD
  Expenses:Food:Restaurant                          32.96 USD

2024-03-05 * "Metro Transport Authority" "Tram tickets"
  Liabilities:US:Chase:Slate                      -120.00 USD
  Expenses:Transport:Tram                          120.00 USD

2024-03-06 * "Rose Flower" "Eating out "
  Liabilities:US:Chase:Slate                       -22.09 USD
  Expenses:Food:Restaurant                          22.09 USD

2024-03-08 * "Good Moods Market" "Buying groceries"
  Liabilities:US:Chase:Slate                       -65.34 USD
  Expenses:Food:Groceries                           65.34 USD

2024-03-08 * "Chase:Slate" "Paying off credit card"
  Liabilities:US:Chase:Slate                       682.25 USD
  Assets:US:BofA:Checking                         -682.25 USD

2024-03-11 * "China Garden" "Eating out with Natasha"
  Liabilities:US:Chase:Slate                       -24.25 USD
  Expenses:Food:Restaurant                          24.25 USD

2024-03-14 * "China Garden" "Eating out with Natasha"
  Liabilities:US:Chase:Slate                       -60.63 USD
  Expenses:Food:Restaurant                          60.63 USD

2024-03-18 * "Goba Goba" "Eating out with Julie"
  Liabilities:US:Chase:Slate                       -20.32 USD
  Expenses:Food:Restaurant                          20.32 USD

2024-03-22 * "Kin Soy" "Eating out alone"
  Liabilities:US:Chase:Slate                       -37.54 USD
  Expenses:Food:Restaurant                          37.54 USD

2024-03-23 * "Onion Market" "Buying groceries"
  Liabilities:US:Chase:Slate                      -117.11 USD
  Expenses:Food:Groceries                          117.11 USD

2024-03-24 balance Liabilities:US:Chase:Slate    -1516.56 USD

2024-03-25 * "Goba Goba" "Eating out with Bill"
  Liabilities:US:Chase:Slate                       -46.66 USD
  Expenses:Food:Restaurant                          46.66 USD

2024-03-28 * "Jewel of Morroco" "Eating out after work"
  Liabilities:US:Chase:Slate                       -24.56 USD
  Expenses:Food:Restaurant                          24.56 USD

2024-03-31 * "Chichipotle" "Eating out with Natasha"
  Liabilities:US:Chase:Slate                       -22.23 USD
  Expenses:Food:Restaurant                          22.23 USD

2024-04-02 * "Uncle Boons" "Eating out with Bill"
  Liabilities:US:Chase:Slate                       -51.96 USD
  Expenses:Food:Restaurant                          51.96 USD

2024-04-03 * "Kin Soy" "Eating out with Natasha"
  Liabilities:US:Chase:Slate                       -32.44 USD
  Expenses:Food:Restaurant                          32.44 USD

2024-04-05 * "Metro Transport Authority" "Tram tickets"
  Liabilities:US:Chase:Slate                      -120.00 USD
  Expenses:Transport:Tram                          120.00 USD

2024-04-06 * "Jewel of Morroco" "Eating out alone"
  Liabilities:US:Chase:Slate                       -51.99 USD
  Expenses:Food:Restaurant                          51.99 USD

2024-04-10 * "Chase:Slate" "Paying off credit card"
  Liabilities:US:Chase:Slate                       625.83 USD
  Assets:US:BofA:Checking                         -625.83 USD

2024-04-11 * "Jewel of Morroco" "Eating out with Bill"
  Liabilities:US:Chase:Slate                       -16.14 USD
  Expenses:Food:Restaurant                          16.14 USD

2024-04-11 * "Farmer Fresh" "Buying groceries"
  Liabilities:US:Chase:Slate                       -72.44 USD
  Expenses:Food:Groceries                           72.44 USD

2024-04-12 * "Chichipotle" "Eating out with work buddies"
  Liabilities:US:Chase:Slate                       -33.12 USD
  Expenses:Food:Restaurant                          33.12 USD

2024-04-14 * "China Garden" "Eating out with Natasha"
  Liabilities:US:Chase:Slate                       -27.63 USD
  Expenses:Food:Restaurant                          27.63 USD

2024-04-16 * "Uncle Boons" "Eating out "
  Liabilities:US:Chase:Slate                       -27.26 USD
  Expenses:Food:Restaurant                          27.26 USD

2024-04-17 balance Liabilities:US:Chase:Slate    -1417.16 USD

2024-04-17 * "Kin Soy" "Eating out "
  Liabilities:US:Chase:Slate                       -45.00 USD
  Expenses:Food:Restaurant                          45.00 USD

2024-04-21 * "Uncle Boons" "Eating out with Julie"
  Liabilities:US:Chase:Slate                       -35.89 USD
  Expenses:Food:Restaurant                          35.89 USD

2024-04-26 * "Rose Flower" "Eating out with Julie"
  Liabilities:US:Chase:Slate                       -24.54 USD
  Expenses:Food:Restaurant                          24.54 USD

2024-04-26 * "Farmer Fresh" "Buying groceries"
  Liabilities:US:Chase:Slate                       -78.04 USD
  Expenses:Food:Groceries                           78.04 USD

2024-04-28 * "Kin Soy" "Eating out with Julie"
  Liabilities:US:Chase:Slate                       -29.74 USD
  Expenses:Food:Restaurant                          29.74 USD

2024-05-02 * "Kin Soy" "Eating out after work"
  Liabilities:US:Chase:Slate                       -18.92 USD
  Expenses:Food:Restaurant                          18.92 USD

2024-05-03 * "Metro Transport Authority" "Tram tickets"
  Liabilities:US:Chase:Slate                      -120.00 USD
  Expenses:Transport:Tram                          120.00 USD

2024-05-04 * "China Garden" "Eating out after work"
  Liabilities:US:Chase:Slate                       -34.14 USD
  Expenses:Food:Restaurant                          34.14 USD

2024-05-05 * "Farmer Fresh" "Buying groceries"
  Liabilities:US:Chase:Slate                       -81.29 USD
  Expenses:Food:Groceries                           81.29 USD

2024-05-09 balance Liabilities:US:Chase:Slate    -1884.72 USD

2024-05-09 * "China Garden" "Eating out after work"
  Liabilities:US:Chase:Slate                       -25.54 USD
  Expenses:Food:Restaurant                          25.54 USD

2024-05-09 * "Chase:Slate" "Paying off credit card"
  Liabilities:US:Chase:Slate                       653.55 USD
  Assets:US:BofA:Checking                         -653.55 USD

2024-05-10 * "Onion Market" "Buying groceries"
  Liabilities:US:Chase:Slate                       -84.04 USD
  Expenses:Food:Groceries                           84.04 USD

2024-05-12 * "Kin Soy" "Eating out alone"
  Liabilities:US:Chase:Slate                       -68.01 USD
  Expenses:Food:Restaurant                          68.01 USD

2024-05-16 * "Cafe Modagor" "Eating out with Julie"
  Liabilities:US:Chase:Slate                       -23.93 USD
  Expenses:Food:Restaurant                          23.93 USD

2024-05-20 * "Goba Goba" "Eating out with Bill"
  Liabilities:US:Chase:Slate                       -27.90 USD
  Expenses:Food:Restaurant                          27.90 USD

2024-05-22 * "Jewel of Morroco" "Eating out with Bill"
  Liabilities:US:Chase:Slate                       -34.82 USD
  Expenses:Food:Restaurant                          34.82 USD

2024-05-25 * "Cafe Modagor" "Eating out alone"
  Liabilities:US:Chase:Slate                       -23.46 USD
  Expenses:Food:Restaurant                          23.46 USD

2024-05-26 * "Rose Flower" "Eating out with Joe"
  Liabilities:US:Chase:Slate                       -54.51 USD
  Expenses:Food:Restaurant                          54.51 USD

2024-05-29 * "Farmer Fresh" "Buying groceries"
  Liabilities:US:Chase:Slate                       -99.26 USD
  Expenses:Food:Groceries                           99.26 USD

2024-05-31 balance Liabilities:US:Chase:Slate    -1672.64 USD

2024-05-31 * "Cafe Modagor" "Eating out with Julie"
  Liabilities:US:Chase:Slate                       -46.93 USD
  Expenses:Food:Restaurant                          46.93 USD

2024-06-03 * "Kin Soy" "Eating out alone"
  Liabilities:US:Chase:Slate                       -38.08 USD
  Expenses:Food:Restaurant                          38.08 USD

2024-06-05 * "Jewel of Morroco" "Eating out with Natasha"
  Liabilities:US:Chase:Slate                       -38.71 USD
  Expenses:Food:Restaurant                          38.71 USD

2024-06-05 * "Onion Market" "Buying groceries"
  Liabilities:US:Chase:Slate                       -51.27 USD
  Expenses:Food:Groceries                           51.27 USD

2024-06-05 * "Metro Transport Authority" "Tram tickets"
  Liabilities:US:Chase:Slate                      -120.00 USD
  Expenses:Transport:Tram                          120.00 USD

2024-06-08 * "Chase:Slate" "Paying off credit card"
  Liabilities:US:Chase:Slate                       739.48 USD
  Assets:US:BofA:Checking                         -739.48 USD

2024-06-09 * "Rose Flower" "Eating out with Joe"
  Liabilities:US:Chase:Slate                       -28.56 USD
  Expenses:Food:Restaurant                          28.56 USD

2024-06-10 * "Chichipotle" "Eating out with work buddies"
  Liabilities:US:Chase:Slate                       -23.80 USD
  Expenses:Food:Restaurant                          23.80 USD

2024-06-15 * "Goba Goba" "Eating out with Joe"
  Liabilities:US:Chase:Slate                       -25.23 USD
  Expenses:Food:Restaurant                          25.23 USD

2024-06-16 * "Goba Goba" "Eating out with Natasha"
  Liabilities:US:Chase:Slate                       -31.19 USD
  Expenses:Food:Restaurant                          31.19 USD

2024-06-18 * "Jewel of Morroco" "Eating out with Joe"
  Liabilities:US:Chase:Slate                       -43.60 USD
  Expenses:Food:Restaurant                          43.60 USD

2024-06-18 * "Onion Market" "Buying groceries"
  Liabilities:US:Chase:Slate                       -89.03 USD
  Expenses:Food:Groceries                           89.03 USD

2024-06-20 * "Cafe Modagor" "Eating out "
  Liabilities:US:Chase:Slate                       -22.40 USD
  Expenses:Food:Restaurant                          22.40 USD

2024-06-24 * "Kin Soy" "Eating out with Joe"
  Liabilities:US:Chase:Slate                       -29.19 USD
  Expenses:Food:Restaurant                          29.19 USD

2024-06-26 * "Cafe Modagor" "Eating out with work buddies"
  Liabilities:US:Chase:Slate                       -31.20 USD
  Expenses:Food:Restaurant                          31.20 USD

2024-06-28 * "Corner Deli" "Buying groceries"
  Liabilities:US:Chase:Slate                       -82.85 USD
  Expenses:Food:Groceries                           82.85 USD

2024-06-29 * "Kin Soy" "Eating out "
  Liabilities:US:Chase:Slate                       -33.67 USD
  Expenses:Food:Restaurant                          33.67 USD

2024-06-30 balance Liabilities:US:Chase:Slate    -1668.87 USD

2024-07-02 * "Metro Transport Authority" "Tram tickets"
  Liabilities:US:Chase:Slate                      -120.00 USD
  Expenses:Transport:Tram                          120.00 USD

2024-07-03 * "Uncle Boons" "Eating out alone"
  Liabilities:US:Chase:Slate                       -22.95 USD
  Expenses:Food:Restaurant                          22.95 USD

2024-07-07 * "China Garden" "Eating out after work"
  Liabilities:US:Chase:Slate                       -11.86 USD
  Expenses:Food:Restaurant                          11.86 USD

2024-07-08 * "Chase:Slate" "Paying off credit card"
  Liabilities:US:Chase:Slate                       609.52 USD
  Assets:US:BofA:Checking                         -609.52 USD

2024-07-09 * "Kin Soy" "Eating out with Bill"
  Liabilities:US:Chase:Slate                       -42.55 USD
  Expenses:Food:Restaurant                          42.55 USD

2024-07-11 * "Rose Flower" "Eating out with Bill"
  Liabilities:US:Chase:Slate                       -54.14 USD
  Expenses:Food:Restaurant                          54.14 USD

2024-07-16 * "Chichipotle" "Eating out after work"
  Liabilities:US:Chase:Slate                       -48.72 USD
  Expenses:Food:Restaurant                          48.72 USD

2024-07-18 * "Corner Deli" "Buying groceries"
  Liabilities:US:Chase:Slate                       -81.68 USD
  Expenses:Food:Groceries                           81.68 USD

2024-07-21 * "Kin Soy" "Eating out with Julie"
  Liabilities:US:Chase:Slate                       -22.34 USD
  Expenses:Food:Restaurant                          22.34 USD

2024-07-24 * "Cafe Modagor" "Eating out with work buddies"
  Liabilities:US:Chase:Slate                       -27.36 USD
  Expenses:Food:Restaurant                          27.36 USD

2024-07-25 event "location" "New York"

2024-07-26 * "Laut" "" #trip-new-york-2024
  Liabilities:US:Chase:Slate                       -29.70 USD
  Expenses:Food:Restaurant                          29.70 USD

2024-07-27 * "Uncle Boons" "" #trip-new-york-2024
  Liabilities:US:Chase:Slate                       -37.52 USD
  Expenses:Food:Restaurant                          37.52 USD

2024-07-27 * "Gimme! Coffee" "" #trip-new-york-2024
  Liabilities:US:Chase:Slate                        -8.04 USD
  Expenses:Food:Coffee                               8.04 USD

2024-07-29 * "Gimme! Coffee" "" #trip-new-york-2024
  Liabilities:US:Chase:Slate                        -7.55 USD
  Expenses:Food:Coffee                               7.55 USD

2024-07-30 balance Liabilities:US:Chase:Slate    -1573.76 USD

2024-07-30 * "Uncle Boons" "" #trip-new-york-2024
  Liabilities:US:Chase:Slate                       -40.81 USD
  Expenses:Food:Restaurant                          40.81 USD

2024-07-30 * "Cafe Select" "" #trip-new-york-2024
  Liabilities:US:Chase:Slate                       -30.83 USD
  Expenses:Food:Restaurant                          30.83 USD

2024-07-30 * "Gimme! Coffee" "" #trip-new-york-2024
  Liabilities:US:Chase:Slate                        -7.77 USD
  Expenses:Food:Coffee                               7.77 USD

2024-07-31 * "Takahachi" "" #trip-new-york-2024
  Liabilities:US:Chase:Slate                       -49.40 USD
  Expenses:Food:Restaurant                          49.40 USD

2024-07-31 * "La Colombe" "" #trip-new-york-2024
  Liabilities:US:Chase:Slate                        -6.76 USD
  Expenses:Food:Coffee                               6.76 USD

2024-07-31 * "Gimme! Coffee" "" #trip-new-york-2024
  Liabilities:US:Chase:Slate                        -7.98 USD
  Expenses:Food:Coffee                               7.98 USD

2024-08-01 * "Takahachi" "" #trip-new-york-2024
  Liabilities:US:Chase:Slate                       -44.68 USD
  Expenses:Food:Restaurant                          44.68 USD

2024-08-01 * "Laut" "" #trip-new-york-2024
  Liabilities:US:Chase:Slate                       -34.47 USD
  Expenses:Food:Restaurant                          34.47 USD

2024-08-02 * "Takahachi" "" #trip-new-york-2024
  Liabilities:US:Chase:Slate                       -52.76 USD
  Expenses:Food:Restaurant                          52.76 USD

2024-08-03 * "Laut" "" #trip-new-york-2024
  Liabilities:US:Chase:Slate                       -24.19 USD
  Expenses:Food:Restaurant                          24.19 USD

2024-08-04 * "Cafe Select" "" #trip-new-york-2024
  Liabilities:US:Chase:Slate                       -31.70 USD
  Expenses:Food:Restaurant                          31.70 USD

2024-08-04 * "Laut" "" #trip-new-york-2024
  Liabilities:US:Chase:Slate                       -35.05 USD
  Expenses:Food:Restaurant                          35.05 USD

2024-08-05 * "La Colombe" "" #trip-new-york-2024
  Liabilities:US:Chase:Slate                        -5.03 USD
  Expenses:Food:Coffee                               5.03 USD

2024-08-05 * "Gimme! Coffee" "" #trip-new-york-2024
  Liabilities:US:Chase:Slate                        -8.81 USD
  Expenses:Food:Coffee                               8.81 USD

2024-08-06 * "Takahachi" "" #trip-new-york-2024
  Liabilities:US:Chase:Slate                       -46.64 USD
  Expenses:Food:Restaurant                          46.64 USD

2024-08-07 * "Cafe Select" "" #trip-new-york-2024
  Liabilities:US:Chase:Slate                       -24.55 USD
  Expenses:Food:Restaurant                          24.55 USD

2024-08-08 * "Takahachi" "" #trip-new-york-2024
  Liabilities:US:Chase:Slate                       -52.36 USD
  Expenses:Food:Restaurant                          52.36 USD

2024-08-08 * "Laut" "" #trip-new-york-2024
  Liabilities:US:Chase:Slate                       -32.90 USD
  Expenses:Food:Restaurant                          32.90 USD

2024-08-09 * "Cafe Select" "" #trip-new-york-2024
  Liabilities:US:Chase:Slate                       -29.26 USD
  Expenses:Food:Restaurant                          29.26 USD

2024-08-10 * "Takahachi" "" #trip-new-york-2024
  Liabilities:US:Chase:Slate                       -55.01 USD
  Expenses:Food:Restaurant                          55.01 USD

2024-08-10 * "Gimme! Coffee" "" #trip-new-york-2024
  Liabilities:US:Chase:Slate                        -6.57 USD
  Expenses:Food:Coffee                               6.57 USD

2024-08-10 * "Consume vacation days"
  Assets:US:Hoogle:Vacation                          -128 VACHR
  Expenses:Vacation                                   128 VACHR

2024-08-10 * "Chase:Slate" "Paying off credit card"
  Liabilities:US:Chase:Slate                       324.06 USD
  Assets:US:BofA:Checking                         -324.06 USD

2024-08-10 event "location" "New Metropolis"

2024-08-11 * "Good Moods Market" "Buying groceries"
  Liabilities:US:Chase:Slate                       -89.82 USD
  Expenses:Food:Groceries                           89.82 USD

2024-08-13 * "Cafe Modagor" "Eating out with Bill"
  Liabilities:US:Chase:Slate                       -43.41 USD
  Expenses:Food:Restaurant                          43.41 USD

2024-08-18 * "Kin Soy" "Eating out with Bill"
  Liabilities:US:Chase:Slate                       -28.13 USD
  Expenses:Food:Restaurant                          28.13 USD

2024-08-23 * "Uncle Boons" "Eating out alone"
  Liabilities:US:Chase:Slate                       -53.98 USD
  Expenses:Food:Restaurant                          53.98 USD

2024-08-24 * "Onion Market" "Buying groceries"
  Liabilities:US:Chase:Slate                       -94.90 USD
  Expenses:Food:Groceries                           94.90 USD

2024-08-27 * "Metro Transport Authority" "Tram tickets"
  Liabilities:US:Chase:Slate                      -120.00 USD
  Expenses:Transport:Tram                          120.00 USD

2024-08-28 balance Liabilities:US:Chase:Slate    -2307.47 USD

2024-08-28 * "Cafe Modagor" "Eating out with Bill"
  Liabilities:US:Chase:Slate                       -41.10 USD
  Expenses:Food:Restaurant                          41.10 USD

2024-09-02 * "Rose Flower" "Eating out alone"
  Liabilities:US:Chase:Slate                       -23.72 USD
  Expenses:Food:Restaurant                          23.72 USD

2024-09-04 * "Cafe Modagor" "Eating out after work"
  Liabilities:US:Chase:Slate                       -27.81 USD
  Expenses:Food:Restaurant                          27.81 USD

2024-09-07 * "Cafe Modagor" "Eating out with Natasha"
  Liabilities:US:Chase:Slate                       -22.26 USD
  Expenses:Food:Restaurant                          22.26 USD

2024-09-08 * "Chase:Slate" "Paying off credit card"
  Liabilities:US:Chase:Slate                       472.86 USD
  Assets:US:BofA:Checking                         -472.86 USD

2024-09-09 * "Goba Goba" "Eating out "
  Liabilities:US:Chase:Slate                       -17.55 USD
  Expenses:Food:Restaurant                          17.55 USD

2024-09-10 * "Farmer Fresh" "Buying groceries"
  Liabilities:US:Chase:Slate                       -81.84 USD
  Expenses:Food:Groceries                           81.84 USD

2024-09-12 * "Jewel of Morroco" "Eating out with Joe"
  Liabilities:US:Chase:Slate                       -23.04 USD
  Expenses:Food:Restaurant                          23.04 USD

2024-09-14 * "Jewel of Morroco" "Eating out with work buddies"
  Liabilities:US:Chase:Slate                       -15.66 USD
  Expenses:Food:Restaurant                          15.66 USD

2024-09-17 * "China Garden" "Eating out with Bill"
  Liabilities:US:Chase:Slate                       -36.62 USD
  Expenses:Food:Restaurant                          36.62 USD

2024-09-21 * "Onion Market" "Buying groceries"
  Liabilities:US:Chase:Slate                       -92.77 USD
  Expenses:Food:Groceries                           92.77 USD

2024-09-22 balance Liabilities:US:Chase:Slate    -2216.98 USD

2024-09-22 * "Goba Goba" "Eating out with Bill"
  Liabilities:US:Chase:Slate                       -34.37 USD
  Expenses:Food:Restaurant                          34.37 USD

2024-09-26 * "Rose Flower" "Eating out after work"
  Liabilities:US:Chase:Slate                       -45.06 USD
  Expenses:Food:Restaurant                          45.06 USD

2024-09-26 * "Metro Transport Authority" "Tram tickets"
  Liabilities:US:Chase:Slate                      -120.00 USD
  Expenses:Transport:Tram                          120.00 USD

2024-09-28 * "Jewel of Morroco" "Eating out with Natasha"
  Liabilities:US:Chase:Slate                       -40.34 USD
  Expenses:Food:Restaurant                          40.34 USD

2024-09-30 * "Farmer Fresh" "Buying groceries"
  Liabilities:US:Chase:Slate                       -52.87 USD
  Expenses:Food:Groceries                           52.87 USD

2024-10-02 * "Kin Soy" "Eating out alone"
  Liabilities:US:Chase:Slate                       -23.41 USD
  Expenses:Food:Restaurant                          23.41 USD

2024-10-06 * "Cafe Modagor" "Eating out with Bill"
  Liabilities:US:Chase:Slate                       -27.88 USD
  Expenses:Food:Restaurant                          27.88 USD

2024-10-08 * "Chase:Slate" "Paying off credit card"
  Liabilities:US:Chase:Slate                       625.94 USD
  Assets:US:BofA:Checking                         -625.94 USD

2024-10-10 * "Uncle Boons" "Eating out "
  Liabilities:US:Chase:Slate                       -32.08 USD
  Expenses:Food:Restaurant                          32.08 USD

2024-10-10 * "Good Moods Market" "Buying groceries"
  Liabilities:US:Chase:Slate                       -80.31 USD
  Expenses:Food:Groceries                           80.31 USD

2024-10-13 * "China Garden" "Eating out alone"
  Liabilities:US:Chase:Slate                       -50.34 USD
  Expenses:Food:Restaurant                          50.34 USD

2024-10-17 * "Goba Goba" "Eating out with Julie"
  Liabilities:US:Chase:Slate                       -54.86 USD
  Expenses:Food:Restaurant                          54.86 USD

2024-10-18 * "Rose Flower" "Eating out with Julie"
  Liabilities:US:Chase:Slate                       -20.13 USD
  Expenses:Food:Restaurant                          20.13 USD

2024-10-20 * "Rose Flower" "Eating out after work"
  Liabilities:US:Chase:Slate                       -55.69 USD
  Expenses:Food:Restaurant                          55.69 USD

2024-10-22 balance Liabilities:US:Chase:Slate    -2228.38 USD

2024-10-23 * "Rose Flower" "Eating out with work buddies"
  Liabilities:US:Chase:Slate                       -47.61 USD
  Expenses:Food:Restaurant                          47.61 USD

2024-10-25 * "China Garden" "Eating out with work buddies"
  Liabilities:US:Chase:Slate                       -19.88 USD
  Expenses:Food:Restaurant                          19.88 USD

2024-10-27 * "Onion Market" "Buying groceries"
  Liabilities:US:Chase:Slate                       -61.52 USD
  Expenses:Food:Groceries                           61.52 USD

2024-10-29 * "Cafe Modagor" "Eating out alone"
  Liabilities:US:Chase:Slate                       -27.07 USD
  Expenses:Food:Restaurant                          27.07 USD

2024-10-29 * "Metro Transport Authority" "Tram tickets"
  Liabilities:US:Chase:Slate                      -120.00 USD
  Expenses:Transport:Tram                          120.00 USD

2024-10-30 * "Kin Soy" "Eating out alone"
  Liabilities:US:Chase:Slate                       -21.31 USD
  Expenses:Food:Restaurant                          21.31 USD

2024-11-04 * "Rose Flower" "Eating out with Natasha"
  Liabilities:US:Chase:Slate                       -21.47 USD
  Expenses:Food:Restaurant                          21.47 USD

2024-11-04 * "Corner Deli" "Buying groceries"
  Liabilities:US:Chase:Slate                       -82.76 USD
  Expenses:Food:Groceries                           82.76 USD

2024-11-08 * "Chase:Slate" "Paying off credit card"
  Liabilities:US:Chase:Slate                       699.44 USD
  Assets:US:BofA:Checking                         -699.44 USD

2024-11-09 * "China Garden" "Eating out after work"
  Liabilities:US:Chase:Slate                       -36.49 USD
  Expenses:Food:Restaurant                          36.49 USD

2024-11-10 * "Corner Deli" "Buying groceries"
  Liabilities:US:Chase:Slate                       -59.61 USD
  Expenses:Food:Groceries                           59.61 USD

2024-11-12 balance Liabilities:US:Chase:Slate    -2026.66 USD

2024-11-13 * "Kin Soy" "Eating out with Joe"
  Liabilities:US:Chase:Slate                       -17.89 USD
  Expenses:Food:Restaurant                          17.89 USD

2024-11-15 * "Farmer Fresh" "Buying groceries"
  Liabilities:US:Chase:Slate                       -64.01 USD
  Expenses:Food:Groceries                           64.01 USD

2024-11-18 * "Cafe Modagor" "Eating out after work"
  Liabilities:US:Chase:Slate                       -19.93 USD
  Expenses:Food:Restaurant                          19.93 USD

2024-11-19 * "Chichipotle" "Eating out alone"
  Liabilities:US:Chase:Slate                       -34.35 USD
  Expenses:Food:Restaurant                          34.35 USD

2024-11-23 * "Corner Deli" "Buying groceries"
  Liabilities:US:Chase:Slate                       -82.78 USD
  Expenses:Food:Groceries                           82.78 USD

2024-11-24 * "Rose Flower" "Eating out "
  Liabilities:US:Chase:Slate                       -11.37 USD
  Expenses:Food:Restaurant                          11.37 USD

2024-11-26 * "Metro Transport Authority" "Tram tickets"
  Liabilities:US:Chase:Slate                      -120.00 USD
  Expenses:Transport:Tram                          120.00 USD

2024-11-27 * "Kin Soy" "Eating out after work"
  Liabilities:US:Chase:Slate                       -35.34 USD
  Expenses:Food:Restaurant                          35.34 USD

2024-11-28 * "Onion Market" "Buying groceries"
  Liabilities:US:Chase:Slate                      -125.32 USD
  Expenses:Food:Groceries                          125.32 USD

2024-12-01 * "Cafe Modagor" "Eating out "
  Liabilities:US:Chase:Slate                       -23.32 USD
  Expenses:Food:Restaurant                          23.32 USD

2024-12-03 balance Liabilities:US:Chase:Slate    -2560.97 USD

2024-12-06 * "Uncle Boons" "Eating out with Bill"
  Liabilities:US:Chase:Slate                       -45.75 USD
  Expenses:Food:Restaurant                          45.75 USD

2024-12-10 * "China Garden" "Eating out "
  Liabilities:US:Chase:Slate                       -41.98 USD
  Expenses:Food:Restaurant                          41.98 USD

2024-12-11 * "Chase:Slate" "Paying off credit card"
  Liabilities:US:Chase:Slate                       695.63 USD
  Assets:US:BofA:Checking                         -695.63 USD

2024-12-13 * "Rose Flower" "Eating out with work buddies"
  Liabilities:US:Chase:Slate                       -13.98 USD
  Expenses:Food:Restaurant                          13.98 USD

2024-12-14 * "Good Moods Market" "Buying groceries"
  Liabilities:US:Chase:Slate                       -78.35 USD
  Expenses:Food:Groceries                           78.35 USD

2024-12-16 * "Kin Soy" "Eating out with Julie"
  Liabilities:US:Chase:Slate                       -48.53 USD
  Expenses:Food:Restaurant                          48.53 USD

2024-12-20 * "Cafe Modagor" "Eating out with Julie"
  Liabilities:US:Chase:Slate                       -26.35 USD
  Expenses:Food:Restaurant                          26.35 USD

2024-12-23 balance Liabilities:US:Chase:Slate    -2120.28 USD

2024-12-25 * "Jewel of Morroco" "Eating out after work"
  Liabilities:US:Chase:Slate                       -29.46 USD
  Expenses:Food:Restaurant                          29.46 USD

2024-12-27 * "Uncle Boons" "Eating out with work buddies"
  Liabilities:US:Chase:Slate                       -22.45 USD
  Expenses:Food:Restaurant                          22.45 USD

2024-12-27 * "Good Moods Market" "Buying groceries"
  Liabilities:US:Chase:Slate                       -74.50 USD
  Expenses:Food:Groceries                           74.50 USD

2024-12-28 * "Jewel of Morroco" "Eating out with Joe"
  Liabilities:US:Chase:Slate                       -33.64 USD
  Expenses:Food:Restaurant                          33.64 USD

2024-12-29 * "Metro Transport Authority" "Tram tickets"
  Liabilities:US:Chase:Slate                      -120.00 USD
  Expenses:Transport:Tram                          120.00 USD

2024-12-30 * "Uncle Boons" "Eating out "
  Liabilities:US:Chase:Slate                       -19.65 USD
  Expenses:Food:Restaurant                          19.65 USD

2025-01-02 * "Cafe Modagor" "Eating out with Joe"
  Liabilities:US:Chase:Slate                       -21.92 USD
  Expenses:Food:Restaurant                          21.92 USD

2025-01-03 * "China Garden" "Eating out alone"
  Liabilities:US:Chase:Slate                       -13.53 USD
  Expenses:Food:Restaurant                          13.53 USD

2025-01-06 * "Good Moods Market" "Buying groceries"
  Liabilities:US:Chase:Slate                       -85.04 USD
  Expenses:Food:Groceries                           85.04 USD

2025-01-07 * "Goba Goba" "Eating out alone"
  Liabilities:US:Chase:Slate                       -19.19 USD
  Expenses:Food:Restaurant                          19.19 USD

2025-01-10 * "Chase:Slate" "Paying off credit card"
  Liabilities:US:Chase:Slate                       628.31 USD
  Assets:US:BofA:Checking                         -628.31 USD

2025-01-12 balance Liabilities:US:Chase:Slate    -1931.35 USD

2025-01-12 * "Cafe Modagor" "Eating out with Bill"
  Liabilities:US:Chase:Slate                       -35.70 USD
  Expenses:Food:Restaurant                          35.70 USD

2025-01-13 * "China Garden" "Eating out with Joe"
  Liabilities:US:Chase:Slate                       -17.66 USD
  Expenses:Food:Restaurant                          17.66 USD

2025-01-17 * "Cafe Modagor" "Eating out after work"
  Liabilities:US:Chase:Slate                       -52.69 USD
  Expenses:Food:Restaurant                          52.69 USD

2025-01-18 * "China Garden" "Eating out with Julie"
  Liabilities:US:Chase:Slate                       -22.19 USD
  Expenses:Food:Restaurant                          22.19 USD

2025-01-19 * "Chichipotle" "Eating out with Joe"
  Liabilities:US:Chase:Slate                       -34.69 USD
  Expenses:Food:Restaurant                          34.69 USD

2025-01-23 * "China Garden" "Eating out with Julie"
  Liabilities:US:Chase:Slate                       -17.18 USD
  Expenses:Food:Restaurant                          17.18 USD

2025-01-24 * "Farmer Fresh" "Buying groceries"
  Liabilities:US:Chase:Slate                       -85.69 USD
  Expenses:Food:Groceries                           85.69 USD

2025-01-25 * "Chichipotle" "Eating out with Natasha"
  Liabilities:US:Chase:Slate                       -36.83 USD
  Expenses:Food:Restaurant                          36.83 USD

2025-01-26 * "Metro Transport Authority" "Tram tickets"
  Liabilities:US:Chase:Slate                      -120.00 USD
  Expenses:Transport:Tram                          120.00 USD

2025-01-27 * "Uncle Boons" "Eating out with Natasha"
  Liabilities:US:Chase:Slate                       -46.32 USD
  Expenses:Food:Restaurant                          46.32 USD

2025-01-30 * "Jewel of Morroco" "Eating out "
  Liabilities:US:Chase:Slate                       -18.90 USD
  Expenses:Food:Restaurant                          18.90 USD

2025-01-31 * "Kin Soy" "Eating out with Julie"
  Liabilities:US:Chase:Slate                       -32.46 USD
  Expenses:Food:Restaurant                          32.46 USD

2025-02-02 * "Jewel of Morroco" "Eating out alone"
  Liabilities:US:Chase:Slate                       -23.14 USD
  Expenses:Food:Restaurant                          23.14 USD

2025-02-05 * "China Garden" "Eating out with Bill"
  Liabilities:US:Chase:Slate                       -21.48 USD
  Expenses:Food:Restaurant                          21.48 USD

2025-02-06 balance Liabilities:US:Chase:Slate    -2496.28 USD

2025-02-07 * "Onion Market" "Buying groceries"
  Liabilities:US:Chase:Slate                       -80.02 USD
  Expenses:Food:Groceries                           80.02 USD

2025-02-08 * "Uncle Boons" "Eating out with work buddies"
  Liabilities:US:Chase:Slate                       -12.79 USD
  Expenses:Food:Restaurant                          12.79 USD

2025-02-09 * "Kin Soy" "Eating out with Natasha"
  Liabilities:US:Chase:Slate                       -71.86 USD
  Expenses:Food:Restaurant                          71.86 USD

2025-02-09 * "Chase:Slate" "Paying off credit card"
  Liabilities:US:Chase:Slate                       693.90 USD
  Assets:US:BofA:Checking                         -693.90 USD

2025-02-11 * "China Garden" "Eating out with Bill"
  Liabilities:US:Chase:Slate                       -15.48 USD
  Expenses:Food:Restaurant                          15.48 USD

2025-02-16 * "China Garden" "Eating out after work"
  Liabilities:US:Chase:Slate                       -48.51 USD
  Expenses:Food:Restaurant                          48.51 USD

2025-02-17 * "Kin Soy" "Eating out with Bill"
  Liabilities:US:Chase:Slate                       -24.44 USD
  Expenses:Food:Restaurant                          24.44 USD

2025-02-18 * "Uncle Boons" "Eating out "
  Liabilities:US:Chase:Slate                       -28.70 USD
  Expenses:Food:Restaurant                          28.70 USD

2025-02-21 * "China Garden" "Eating out with work buddies"
  Liabilities:US:Chase:Slate                       -28.59 USD
  Expenses:Food:Restaurant                          28.59 USD

2025-02-22 * "Rose Flower" "Eating out with Julie"
  Liabilities:US:Chase:Slate                        -8.95 USD
  Expenses:Food:Restaurant                           8.95 USD

2025-02-22 * "Good Moods Market" "Buying groceries"
  Liabilities:US:Chase:Slate                       -71.05 USD
  Expenses:Food:Groceries                           71.05 USD

2025-02-22 * "Metro Transport Authority" "Tram tickets"
  Liabilities:US:Chase:Slate                      -120.00 USD
  Expenses:Transport:Tram                          120.00 USD

2025-02-24 * "Jewel of Morroco" "Eating out with Bill"
  Liabilities:US:Chase:Slate                       -13.29 USD
  Expenses:Food:Restaurant                          13.29 USD

2025-02-25 * "China Garden" "Eating out with Joe"
  Liabilities:US:Chase:Slate                       -37.65 USD
  Expenses:Food:Restaurant                          37.65 USD

2025-03-02 * "China Garden" "Eating out "
  Liabilities:US:Chase:Slate                       -27.83 USD
  Expenses:Food:Restaurant                          27.83 USD

2025-03-05 * "Cafe Modagor" "Eating out with Julie"
  Liabilities:US:Chase:Slate                       -41.64 USD
  Expenses:Food:Restaurant                          41.64 USD

2025-03-05 * "Onion Market" "Buying groceries"
  Liabilities:US:Chase:Slate                       -64.92 USD
  Expenses:Food:Groceries                           64.92 USD

2025-03-08 balance Liabilities:US:Chase:Slate    -2498.10 USD

2025-03-10 * "Cafe Modagor" "Eating out with Bill"
  Liabilities:US:Chase:Slate                       -40.71 USD
  Expenses:Food:Restaurant                          40.71 USD

2025-03-10 * "Chase:Slate" "Paying off credit card"
  Liabilities:US:Chase:Slate                       571.76 USD
  Assets:US:BofA:Checking                         -571.76 USD

2025-03-13 * "Uncle Boons" "Eating out with Joe"
  Liabilities:US:Chase:Slate                       -17.67 USD
  Expenses:Food:Restaurant                          17.67 USD

2025-03-15 * "Chichipotle" "Eating out with Bill"
  Liabilities:US:Chase:Slate                       -38.21 USD
  Expenses:Food:Restaurant                          38.21 USD

2025-03-17 * "Chichipotle" "Eating out "
  Liabilities:US:Chase:Slate                       -16.97 USD
  Expenses:Food:Restaurant                          16.97 USD

2025-03-18 * "China Garden" "Eating out with Julie"
  Liabilities:US:Chase:Slate                       -29.84 USD
  Expenses:Food:Restaurant                          29.84 USD

2025-03-23 * "Chichipotle" "Eating out with Natasha"
  Liabilities:US:Chase:Slate                       -11.65 USD
  Expenses:Food:Restaurant                          11.65 USD

2025-03-23 * "Farmer Fresh" "Buying groceries"
  Liabilities:US:Chase:Slate                       -86.61 USD
  Expenses:Food:Groceries                           86.61 USD

2025-03-24 * "Metro Transport Authority" "Tram tickets"
  Liabilities:US:Chase:Slate                      -120.00 USD
  Expenses:Transport:Tram                          120.00 USD

2025-03-25 * "Jewel of Morroco" "Eating out alone"
  Liabilities:US:Chase:Slate                       -43.05 USD
  Expenses:Food:Restaurant                          43.05 USD

2025-03-28 balance Liabilities:US:Chase:Slate    -2331.05 USD

2025-03-28 * "Cafe Modagor" "Eating out "
  Liabilities:US:Chase:Slate                       -18.82 USD
  Expenses:Food:Restaurant                          18.82 USD

2025-03-29 * "Farmer Fresh" "Buying groceries"
  Liabilities:US:Chase:Slate                       -85.90 USD
  Expenses:Food:Groceries                           85.90 USD

2025-03-30 * "China Garden" "Eating out with Bill"
  Liabilities:US:Chase:Slate                       -35.05 USD
  Expenses:Food:Restaurant                          35.05 USD

2025-04-04 * "Goba Goba" "Eating out with work buddies"
  Liabilities:US:Chase:Slate                       -51.27 USD
  Expenses:Food:Restaurant                          51.27 USD

2025-04-06 * "Good Moods Market" "Buying groceries"
  Liabilities:US:Chase:Slate                       -66.77 USD
  Expenses:Food:Groceries                           66.77 USD

2025-04-08 * "Kin Soy" "Eating out alone"
  Liabilities:US:Chase:Slate                       -17.38 USD
  Expenses:Food:Restaurant                          17.38 USD

2025-04-08 * "Chase:Slate" "Paying off credit card"
  Liabilities:US:Chase:Slate                       639.19 USD
  Assets:US:BofA:Checking                         -639.19 USD

2025-04-10 event "location" "Chicago"

2025-04-11 * "Star of Siam" "" #trip-chicago-2025
  Liabilities:US:Chase:Slate                       -22.15 USD
  Expenses:Food:Restaurant                          22.15 USD

2025-04-11 * "Eataly Chicago" "" #trip-chicago-2025
  Liabilities:US:Chase:Slate                       -41.67 USD
  Expenses:Food:Restaurant                          41.67 USD

2025-04-11 * "Another Sports Pub" "" #trip-chicago-2025
  Liabilities:US:Chase:Slate                        -8.37 USD
  Expenses:Food:Alcohol                              8.37 USD

2025-04-11 * "Argo Tea" "" #trip-chicago-2025
  Liabilities:US:Chase:Slate                        -7.61 USD
  Expenses:Food:Coffee                               7.61 USD

2025-04-12 * "Eataly Chicago" "" #trip-chicago-2025
  Liabilities:US:Chase:Slate                       -36.68 USD
  Expenses:Food:Restaurant                          36.68 USD

2025-04-12 * "Argo Tea" "" #trip-chicago-2025
  Liabilities:US:Chase:Slate                        -6.88 USD
  Expenses:Food:Coffee                               6.88 USD

2025-04-13 * "Star of Siam" "" #trip-chicago-2025
  Liabilities:US:Chase:Slate                       -21.99 USD
  Expenses:Food:Restaurant                          21.99 USD

2025-04-13 * "Argo Tea" "" #trip-chicago-2025
  Liabilities:US:Chase:Slate                        -6.03 USD
  Expenses:Food:Coffee                               6.03 USD

2025-04-14 * "25 Degrees Burger Bar" "" #trip-chicago-2025
  Liabilities:US:Chase:Slate                       -20.17 USD
  Expenses:Food:Restaurant                          20.17 USD

2025-04-14 * "Eataly Chicago" "" #trip-chicago-2025
  Liabilities:US:Chase:Slate                       -40.02 USD
  Expenses:Food:Restaurant                          40.02 USD

2025-04-15 * "25 Degrees Burger Bar" "" #trip-chicago-2025
  Liabilities:US:Chase:Slate                       -23.03 USD
  Expenses:Food:Restaurant                          23.03 USD

2025-04-16 * "25 Degrees Burger Bar" "" #trip-chicago-2025
  Liabilities:US:Chase:Slate                       -21.58 USD
  Expenses:Food:Restaurant                          21.58 USD

2025-04-16 * "Eataly Chicago" "" #trip-chicago-2025
  Liabilities:US:Chase:Slate                       -54.65 USD
  Expenses:Food:Restaurant                          54.65 USD

2025-04-17 * "Star of Siam" "" #trip-chicago-2025
  Liabilities:US:Chase:Slate                       -25.97 USD
  Expenses:Food:Restaurant                          25.97 USD

2025-04-17 * "Mercadito" "" #trip-chicago-2025
  Liabilities:US:Chase:Slate                       -43.89 USD
  Expenses:Food:Restaurant                          43.89 USD

2025-04-18 * "Mercadito" "" #trip-chicago-2025
  Liabilities:US:Chase:Slate                       -35.92 USD
  Expenses:Food:Restaurant                          35.92 USD

2025-04-18 * "Another Sports Pub" "" #trip-chicago-2025
  Liabilities:US:Chase:Slate                       -14.16 USD
  Expenses:Food:Alcohol                             14.16 USD

2025-04-18 * "Consume vacation days"
  Assets:US:Hoogle:Vacation                           -64 VACHR
  Expenses:Vacation                                    64 VACHR

2025-04-18 event "location" "New Metropolis"

2025-04-20 * "Uncle Boons" "Eating out "
  Liabilities:US:Chase:Slate                       -57.62 USD
  Expenses:Food:Restaurant                          57.62 USD

2025-04-21 * "Uncle Boons" "Eating out alone"
  Liabilities:US:Chase:Slate                       -24.08 USD
  Expenses:Food:Restaurant                          24.08 USD

2025-04-22 * "Metro Transport Authority" "Tram tickets"
  Liabilities:US:Chase:Slate                      -120.00 USD
  Expenses:Transport:Tram                          120.00 USD

2025-04-23 * "Corner Deli" "Buying groceries"
  Liabilities:US:Chase:Slate                       -55.91 USD
  Expenses:Food:Groceries                           55.91 USD

2025-04-25 balance Liabilities:US:Chase:Slate    -2655.43 USD

2025-04-26 * "Chichipotle" "Eating out with Bill"
  Liabilities:US:Chase:Slate                       -20.84 USD
  Expenses:Food:Restaurant                          20.84 USD

2025-04-30 * "Jewel of Morroco" "Eating out with Natasha"
  Liabilities:US:Chase:Slate                       -38.01 USD
  Expenses:Food:Restaurant                          38.01 USD

2025-05-01 * "Goba Goba" "Eating out with Bill"
  Liabilities:US:Chase:Slate                       -48.13 USD
  Expenses:Food:Restaurant                          48.13 USD

2025-05-05 * "Goba Goba" "Eating out after work"
  Liabilities:US:Chase:Slate                       -44.65 USD
  Expenses:Food:Restaurant                          44.65 USD

2025-05-06 * "Onion Market" "Buying groceries"
  Liabilities:US:Chase:Slate                      -105.62 USD
  Expenses:Food:Groceries                          105.62 USD

2025-05-07 * "Chase:Slate" "Paying off credit card"
  Liabilities:US:Chase:Slate                       534.65 USD
  Assets:US:BofA:Checking                         -534.65 USD

2025-05-09 * "Goba Goba" "Eating out with Bill"
  Liabilities:US:Chase:Slate                       -19.79 USD
  Expenses:Food:Restaurant                          19.79 USD

2025-05-13 * "Good Moods Market" "Buying groceries"
  Liabilities:US:Chase:Slate                       -57.63 USD
  Expenses:Food:Groceries                           57.63 USD

2025-05-14 * "Cafe Modagor" "Eating out with Joe"
  Liabilities:US:Chase:Slate                       -37.72 USD
  Expenses:Food:Restaurant                          37.72 USD

2025-05-19 * "Rose Flower" "Eating out "
  Liabilities:US:Chase:Slate                       -22.33 USD
  Expenses:Food:Restaurant                          22.33 USD

2025-05-20 balance Liabilities:US:Chase:Slate    -2515.50 USD

2025-05-21 * "Metro Transport Authority" "Tram tickets"
  Liabilities:US:Chase:Slate                      -120.00 USD
  Expenses:Transport:Tram                          120.00 USD

2025-05-23 * "Onion Market" "Buying groceries"
  Liabilities:US:Chase:Slate                       -79.20 USD
  Expenses:Food:Groceries                           79.20 USD

2025-05-24 * "Jewel of Morroco" "Eating out with Julie"
  Liabilities:US:Chase:Slate                       -41.77 USD
  Expenses:Food:Restaurant                          41.77 USD

2025-05-27 * "China Garden" "Eating out with Joe"
  Liabilities:US:Chase:Slate                       -35.76 USD
  Expenses:Food:Restaurant                          35.76 USD

2025-05-31 * "Goba Goba" "Eating out alone"
  Liabilities:US:Chase:Slate                       -28.26 USD
  Expenses:Food:Restaurant                          28.26 USD

2025-06-02 * "Good Moods Market" "Buying groceries"
  Liabilities:US:Chase:Slate                       -67.43 USD
  Expenses:Food:Groceries                           67.43 USD

2025-06-03 * "Cafe Modagor" "Eating out with Natasha"
  Liabilities:US:Chase:Slate                       -30.52 USD
  Expenses:Food:Restaurant                          30.52 USD

2025-06-05 * "Jewel of Morroco" "Eating out after work"
  Liabilities:US:Chase:Slate                       -59.67 USD
  Expenses:Food:Restaurant                          59.67 USD

2025-06-07 * "Jewel of Morroco" "Eating out with work buddies"
  Liabilities:US:Chase:Slate                       -30.54 USD
  Expenses:Food:Restaurant                          30.54 USD

2025-06-07 * "Chase:Slate" "Paying off credit card"
  Liabilities:US:Chase:Slate                       610.83 USD
  Assets:US:BofA:Checking                         -610.83 USD

2025-06-09 * "Cafe Modagor" "Eating out alone"
  Liabilities:US:Chase:Slate                       -25.14 USD
  Expenses:Food:Restaurant                          25.14 USD

2025-06-11 balance Liabilities:US:Chase:Slate    -2422.96 USD

2025-06-13 * "Chichipotle" "Eating out after work"
  Liabilities:US:Chase:Slate                       -38.64 USD
  Expenses:Food:Restaurant                          38.64 USD

2025-06-16 * "Chichipotle" "Eating out with Bill"
  Liabilities:US:Chase:Slate                       -19.06 USD
  Expenses:Food:Restaurant                          19.06 USD

2025-06-19 * "Kin Soy" "Eating out with Bill"
  Liabilities:US:Chase:Slate                       -64.97 USD
  Expenses:Food:Restaurant                          64.97 USD

2025-06-19 * "Good Moods Market" "Buying groceries"
  Liabilities:US:Chase:Slate                      -102.79 USD
  Expenses:Food:Groceries                          102.79 USD

2025-06-20 * "Goba Goba" "Eating out after work"
  Liabilities:US:Chase:Slate                       -48.76 USD
  Expenses:Food:Restaurant                          48.76 USD

2025-06-20 * "Metro Transport Authority" "Tram tickets"
  Liabilities:US:Chase:Slate                      -120.00 USD
  Expenses:Transport:Tram                          120.00 USD

2025-06-22 * "China Garden" "Eating out with Joe"
  Liabilities:US:Chase:Slate                       -15.71 USD
  Expenses:Food:Restaurant                          15.71 USD

2025-06-26 * "Goba Goba" "Eating out with Bill"
  Liabilities:US:Chase:Slate                       -28.89 USD
  Expenses:Food:Restaurant                          28.89 USD

2025-06-28 * "Uncle Boons" "Eating out with Natasha"
  Liabilities:US:Chase:Slate                       -44.62 USD
  Expenses:Food:Restaurant                          44.62 USD

2025-06-30 * "Chichipotle" "Eating out with Joe"
  Liabilities:US:Chase:Slate                       -31.42 USD
  Expenses:Food:Restaurant                          31.42 USD

2025-07-05 * "Jewel of Morroco" "Eating out with Julie"
  Liabilities:US:Chase:Slate                       -58.24 USD
  Expenses:Food:Restaurant                          58.24 USD

2025-07-05 * "Onion Market" "Buying groceries"
  Liabilities:US:Chase:Slate                       -92.91 USD
  Expenses:Food:Groceries                           92.91 USD

2025-07-06 balance Liabilities:US:Chase:Slate    -3088.97 USD

2025-07-06 * "Uncle Boons" "Eating out after work"
  Liabilities:US:Chase:Slate                       -46.35 USD
  Expenses:Food:Restaurant                          46.35 USD

2025-07-08 * "Kin Soy" "Eating out with Joe"
  Liabilities:US:Chase:Slate                       -33.73 USD
  Expenses:Food:Restaurant                          33.73 USD

2025-07-08 * "Chase:Slate" "Paying off credit card"
  Liabilities:US:Chase:Slate                       771.23 USD
  Assets:US:BofA:Checking                         -771.23 USD

2025-07-10 * "Chichipotle" "Eating out "
  Liabilities:US:Chase:Slate                       -21.91 USD
  Expenses:Food:Restaurant                          21.91 USD

2025-07-13 * "Goba Goba" "Eating out with Joe"
  Liabilities:US:Chase:Slate                       -26.88 USD
  Expenses:Food:Restaurant                          26.88 USD

2025-07-14 * "Uncle Boons" "Eating out after work"
  Liabilities:US:Chase:Slate                       -14.07 USD
  Expenses:Food:Restaurant                          14.07 USD

2025-07-15 * "Kin Soy" "Eating out with work buddies"
  Liabilities:US:Chase:Slate                       -10.33 USD
  Expenses:Food:Restaurant                          10.33 USD

2025-07-17 * "Goba Goba" "Eating out with Joe"
  Liabilities:US:Chase:Slate                       -19.52 USD
  Expenses:Food:Restaurant                          19.52 USD

2025-07-18 * "Metro Transport Authority" "Tram tickets"
  Liabilities:US:Chase:Slate                      -120.00 USD
  Expenses:Transport:Tram                          120.00 USD

2025-07-21 * "Jewel of Morroco" "Eating out with Julie"
  Liabilities:US:Chase:Slate                       -24.39 USD
  Expenses:Food:Restaurant                          24.39 USD

2025-07-23 * "Kin Soy" "Eating out with Bill"
  Liabilities:US:Chase:Slate                       -21.53 USD
  Expenses:Food:Restaurant                          21.53 USD

2025-07-25 * "Good Moods Market" "Buying groceries"
  Liabilities:US:Chase:Slate                       -69.24 USD
  Expenses:Food:Groceries                           69.24 USD

2025-07-26 balance Liabilities:US:Chase:Slate    -2725.69 USD

2025-07-26 * "Uncle Boons" "Eating out with Bill"
  Liabilities:US:Chase:Slate                       -22.79 USD
  Expenses:Food:Restaurant                          22.79 USD

2025-07-31 * "Rose Flower" "Eating out alone"
  Liabilities:US:Chase:Slate                       -97.88 USD
  Expenses:Food:Restaurant                          97.88 USD

2025-08-03 * "Uncle Boons" "Eating out with Joe"
  Liabilities:US:Chase:Slate                       -54.35 USD
  Expenses:Food:Restaurant                          54.35 USD

2025-08-06 * "Uncle Boons" "Eating out with work buddies"
  Liabilities:US:Chase:Slate                       -35.18 USD
  Expenses:Food:Restaurant                          35.18 USD

2025-08-07 * "Chichipotle" "Eating out after work"
  Liabilities:US:Chase:Slate                       -33.55 USD
  Expenses:Food:Restaurant                          33.55 USD

2025-08-11 * "Goba Goba" "Eating out with Bill"
  Liabilities:US:Chase:Slate                       -49.11 USD
  Expenses:Food:Restaurant                          49.11 USD

2025-08-11 * "Chase:Slate" "Paying off credit card"
  Liabilities:US:Chase:Slate                       620.73 USD
  Assets:US:BofA:Checking                         -620.73 USD

2025-08-12 * "China Garden" "Eating out with Natasha"
  Liabilities:US:Chase:Slate                       -17.97 USD
  Expenses:Food:Restaurant                          17.97 USD

2025-08-12 * "Corner Deli" "Buying groceries"
  Liabilities:US:Chase:Slate                       -57.06 USD
  Expenses:Food:Groceries                           57.06 USD

2025-08-16 * "Kin Soy" "Eating out with Natasha"
  Liabilities:US:Chase:Slate                       -27.56 USD
  Expenses:Food:Restaurant                          27.56 USD

2025-08-20 * "Onion Market" "Buying groceries"
  Liabilities:US:Chase:Slate                       -96.21 USD
  Expenses:Food:Groceries                           96.21 USD

2025-08-20 * "Metro Transport Authority" "Tram tickets"
  Liabilities:US:Chase:Slate                      -120.00 USD
  Expenses:Transport:Tram                          120.00 USD

2025-08-21 * "Kin Soy" "Eating out with Julie"
  Liabilities:US:Chase:Slate                       -28.47 USD
  Expenses:Food:Restaurant                          28.47 USD

2025-08-22 balance Liabilities:US:Chase:Slate    -2745.09 USD

2025-08-26 * "Kin Soy" "Eating out after work"
  Liabilities:US:Chase:Slate                      -120.19 USD
  Expenses:Food:Restaurant                         120.19 USD

2025-08-28 * "Kin Soy" "Eating out with Julie"
  Liabilities:US:Chase:Slate                       -20.23 USD
  Expenses:Food:Restaurant                          20.23 USD

2025-08-31 * "Cafe Modagor" "Eating out with Joe"
  Liabilities:US:Chase:Slate                       -14.01 USD
  Expenses:Food:Restaurant                          14.01 USD

2025-09-05 * "Chichipotle" "Eating out "
  Liabilities:US:Chase:Slate                       -25.99 USD
  Expenses:Food:Restaurant                          25.99 USD

2025-09-06 * "Good Moods Market" "Buying groceries"
  Liabilities:US:Chase:Slate                      -104.98 USD
  Expenses:Food:Groceries                          104.98 USD

2025-09-07 * "Chase:Slate" "Paying off credit card"
  Liabilities:US:Chase:Slate                       682.10 USD
  Assets:US:BofA:Checking                         -682.10 USD

2025-09-09 * "Goba Goba" "Eating out with work buddies"
  Liabilities:US:Chase:Slate                       -49.43 USD
  Expenses:Food:Restaurant                          49.43 USD

2025-09-10 * "Rose Flower" "Eating out with Joe"
  Liabilities:US:Chase:Slate                       -29.21 USD
  Expenses:Food:Restaurant                          29.21 USD

2025-09-12 * "Goba Goba" "Eating out with Natasha"
  Liabilities:US:Chase:Slate                       -29.30 USD
  Expenses:Food:Restaurant                          29.30 USD

2025-09-14 * "Jewel of Morroco" "Eating out "
  Liabilities:US:Chase:Slate                       -28.34 USD
  Expenses:Food:Restaurant                          28.34 USD

2025-09-15 balance Liabilities:US:Chase:Slate    -2484.67 USD

2025-09-16 * "Metro Transport Authority" "Tram tickets"
  Liabilities:US:Chase:Slate                      -120.00 USD
  Expenses:Transport:Tram                          120.00 USD

2025-09-17 * "Goba Goba" "Eating out after work"
  Liabilities:US:Chase:Slate                       -41.88 USD
  Expenses:Food:Restaurant                          41.88 USD

2025-09-20 * "Goba Goba" "Eating out "
  Liabilities:US:Chase:Slate                       -15.25 USD
  Expenses:Food:Restaurant                          15.25 USD

2025-09-21 * "Rose Flower" "Eating out "
  Liabilities:US:Chase:Slate                       -25.67 USD
  Expenses:Food:Restaurant                          25.67 USD

2025-09-25 * "Chichipotle" "Eating out alone"
  Liabilities:US:Chase:Slate                       -24.67 USD
  Expenses:Food:Restaurant                          24.67 USD

2025-09-25 * "Onion Market" "Buying groceries"
  Liabilities:US:Chase:Slate                       -47.08 USD
  Expenses:Food:Groceries                           47.08 USD

2025-09-27 * "Cafe Modagor" "Eating out alone"
  Liabilities:US:Chase:Slate                       -22.27 USD
  Expenses:Food:Restaurant                          22.27 USD

2025-09-30 * "China Garden" "Eating out alone"
  Liabilities:US:Chase:Slate                       -37.17 USD
  Expenses:Food:Restaurant                          37.17 USD

2025-10-05 * "Kin Soy" "Eating out after work"
  Liabilities:US:Chase:Slate                       -28.59 USD
  Expenses:Food:Restaurant                          28.59 USD

2025-10-07 * "Uncle Boons" "Eating out with Joe"
  Liabilities:US:Chase:Slate                       -36.06 USD
  Expenses:Food:Restaurant                          36.06 USD

2025-10-08 * "Goba Goba" "Eating out with Julie"
  Liabilities:US:Chase:Slate                       -30.72 USD
  Expenses:Food:Restaurant                          30.72 USD

2025-10-09 * "Kin Soy" "Eating out with Julie"
  Liabilities:US:Chase:Slate                       -46.54 USD
  Expenses:Food:Restaurant                          46.54 USD

2025-10-10 balance Liabilities:US:Chase:Slate    -2960.57 USD

2025-10-11 * "Corner Deli" "Buying groceries"
  Liabilities:US:Chase:Slate                       -73.26 USD
  Expenses:Food:Groceries                           73.26 USD

2025-10-13 * "China Garden" "Eating out with Natasha"
  Liabilities:US:Chase:Slate                       -25.57 USD
  Expenses:Food:Restaurant                          25.57 USD

2025-10-17 * "Metro Transport Authority" "Tram tickets"
  Liabilities:US:Chase:Slate                      -120.00 USD
  Expenses:Transport:Tram                          120.00 USD

2025-10-18 * "Rose Flower" "Eating out with Joe"
  Liabilities:US:Chase:Slate                       -20.48 USD
  Expenses:Food:Restaurant                          20.48 USD

2025-10-19 * "Jewel of Morroco" "Eating out with Julie"
  Liabilities:US:Chase:Slate                       -25.71 USD
  Expenses:Food:Restaurant                          25.71 USD

2025-10-21 * "Cafe Modagor" "Eating out "
  Liabilities:US:Chase:Slate                       -37.73 USD
  Expenses:Food:Restaurant                          37.73 USD

2025-10-23 * "Good Moods Market" "Buying groceries"
  Liabilities:US:Chase:Slate                       -70.83 USD
  Expenses:Food:Groceries                           70.83 USD

2025-10-25 * "Cafe Modagor" "Eating out with Bill"
  Liabilities:US:Chase:Slate                       -21.81 USD
  Expenses:Food:Restaurant                          21.81 USD

2025-10-30 * "China Garden" "Eating out with Bill"
  Liabilities:US:Chase:Slate                       -19.19 USD
  Expenses:Food:Restaurant                          19.19 USD



* Taxable Investments

2023-01-01 open Assets:US:ETrade:Cash                       USD
2023-01-01 open Assets:US:ETrade:ITOT                       ITOT
2023-01-01 open Assets:US:ETrade:VEA                       VEA
2023-01-01 open Assets:US:ETrade:VHT                       VHT
2023-01-01 open Assets:US:ETrade:GLD                       GLD
2023-01-01 open Income:US:ETrade:PnL                        USD
2023-01-01 open Income:US:ETrade:ITOT:Dividend              USD
2023-01-01 open Income:US:ETrade:VEA:Dividend              USD
2023-01-01 open Income:US:ETrade:VHT:Dividend              USD
2023-01-01 open Income:US:ETrade:GLD:Dividend              USD

2023-09-18 * "Dividends on portfolio"
  Assets:US:ETrade:Cash                              0.00 USD
  Income:US:ETrade:GLD:Dividend                      0.00 USD

2023-09-24 * "Buy shares of VEA"
  Assets:US:ETrade:Cash                          -4386.73 USD
  Assets:US:ETrade:VEA                                134 VEA {32.67 USD, 2023-09-24}
  Expenses:Financial:Commissions                     8.95 USD

2023-11-01 * "Sell shares of VEA"
  Assets:US:ETrade:VEA                               -134 VEA {32.67 USD, 2023-09-24} @ 33.13 USD
  Assets:US:ETrade:Cash                           4430.47 USD
  Expenses:Financial:Commissions                     8.95 USD
  Income:US:ETrade:PnL                             -61.64 USD

2023-11-18 * "Buy shares of VEA"
  Assets:US:ETrade:Cash                          -2104.04 USD
  Assets:US:ETrade:VEA                                 59 VEA {35.51 USD, 2023-11-18}
  Expenses:Financial:Commissions                     8.95 USD

2023-11-18 * "Buy shares of GLD"
  Assets:US:ETrade:Cash                          -2057.56 USD
  Assets:US:ETrade:GLD                                 23 GLD {89.07 USD, 2023-11-18}
  Expenses:Financial:Commissions                     8.95 USD

2023-11-18 * "Buy shares of ITOT"
  Assets:US:ETrade:Cash                          -2000.80 USD
  Assets:US:ETrade:ITOT                                15 ITOT {132.79 USD, 2023-11-18}
  Expenses:Financial:Commissions                     8.95 USD

2023-11-18 * "Buy shares of VHT"
  Assets:US:ETrade:Cash                          -2100.55 USD
  Assets:US:ETrade:VHT                                 45 VHT {46.48 USD, 2023-11-18}
  Expenses:Financial:Commissions                     8.95 USD

2023-12-17 * "Dividends on portfolio"
  Assets:US:ETrade:Cash                             50.42 USD
  Income:US:ETrade:VHT:Dividend                    -50.42 USD

2024-03-17 * "Dividends on portfolio"
  Assets:US:ETrade:Cash                             50.42 USD
  Income:US:ETrade:GLD:Dividend                    -50.42 USD

2024-05-09 * "Sell shares of GLD"
  Assets:US:ETrade:GLD                                -23 GLD {89.07 USD, 2023-11-18} @ 96.11 USD
  Assets:US:ETrade:Cash                           2201.58 USD
  Expenses:Financial:Commissions                     8.95 USD
  Income:US:ETrade:PnL                            -161.92 USD

2024-05-25 * "Buy shares of VEA"
  Assets:US:ETrade:Cash                          -2404.84 USD
  Assets:US:ETrade:VEA                                 63 VEA {38.03 USD, 2024-05-25}
  Expenses:Financial:Commissions                     8.95 USD

2024-06-17 * "Dividends on portfolio"
  Assets:US:ETrade:Cash                             60.00 USD
  Income:US:ETrade:VEA:Dividend                    -60.00 USD

2024-08-22 * "Buy shares of VHT"
  Assets:US:ETrade:Cash                          -1694.67 USD
  Assets:US:ETrade:VHT                                 37 VHT {45.56 USD, 2024-08-22}
  Expenses:Financial:Commissions                     8.95 USD

2024-08-22 * "Buy shares of GLD"
  Assets:US:ETrade:Cash                          -1627.69 USD
  Assets:US:ETrade:GLD                                 17 GLD {95.22 USD, 2024-08-22}
  Expenses:Financial:Commissions                     8.95 USD

2024-09-17 * "Dividends on portfolio"
  Assets:US:ETrade:Cash                             73.22 USD
  Income:US:ETrade:GLD:Dividend                    -73.22 USD

2024-09-25 * "Sell shares of VHT"
  Assets:US:ETrade:VHT                                -45 VHT {46.48 USD, 2023-11-18} @ 43.66 USD
  Assets:US:ETrade:Cash                           1955.75 USD
  Expenses:Financial:Commissions                     8.95 USD
  Income:US:ETrade:PnL                             126.90 USD

2024-09-30 * "Buy shares of ITOT"
  Assets:US:ETrade:Cash                           -583.95 USD
  Assets:US:ETrade:ITOT                                 4 ITOT {143.75 USD, 2024-09-30}
  Expenses:Financial:Commissions                     8.95 USD

2024-09-30 * "Buy shares of VHT"
  Assets:US:ETrade:Cash                           -706.07 USD
  Assets:US:ETrade:VHT                                 16 VHT {43.57 USD, 2024-09-30}
  Expenses:Financial:Commissions                     8.95 USD

2024-09-30 * "Buy shares of GLD"
  Assets:US:ETrade:Cash                           -675.35 USD
  Assets:US:ETrade:GLD                                  7 GLD {95.20 USD, 2024-09-30}
  Expenses:Financial:Commissions                     8.95 USD

2024-10-05 * "Sell shares of VHT"
  Assets:US:ETrade:VHT                                -37 VHT {45.56 USD, 2024-08-22} @ 43.18 USD
  Assets:US:ETrade:Cash                           1588.71 USD
  Expenses:Financial:Commissions                     8.95 USD
  Income:US:ETrade:PnL                              88.06 USD

2024-10-08 * "Buy shares of VEA"
  Assets:US:ETrade:Cash                           -371.56 USD
  Assets:US:ETrade:VEA                                  9 VEA {40.29 USD, 2024-10-08}
  Expenses:Financial:Commissions                     8.95 USD

2024-10-08 * "Buy shares of GLD"
  Assets:US:ETrade:Cash                           -398.39 USD
  Assets:US:ETrade:GLD                                  4 GLD {97.36 USD, 2024-10-08}
  Expenses:Financial:Commissions                     8.95 USD

2024-10-08 * "Buy shares of ITOT"
  Assets:US:ETrade:Cash                           -296.65 USD
  Assets:US:ETrade:ITOT                                 2 ITOT {143.85 USD, 2024-10-08}
  Expenses:Financial:Commissions                     8.95 USD

2024-10-08 * "Buy shares of VHT"
  Assets:US:ETrade:Cash                           -397.57 USD
  Assets:US:ETrade:VHT                                  9 VHT {43.18 USD, 2024-10-08}
  Expenses:Financial:Commissions                     8.95 USD

2024-10-11 * "Buy shares of GLD"
  Assets:US:ETrade:Cash                          -1382.49 USD
  Assets:US:ETrade:GLD                                 14 GLD {98.11 USD, 2024-10-11}
  Expenses:Financial:Commissions                     8.95 USD

2024-10-11 * "Buy shares of VEA"
  Assets:US:ETrade:Cash                          -1396.35 USD
  Assets:US:ETrade:VEA                                 35 VEA {39.64 USD, 2024-10-11}
  Expenses:Financial:Commissions                     8.95 USD

2024-10-11 * "Buy shares of ITOT"
  Assets:US:ETrade:Cash                          -1310.08 USD
  Assets:US:ETrade:ITOT                                 9 ITOT {144.57 USD, 2024-10-11}
  Expenses:Financial:Commissions                     8.95 USD

2024-12-17 * "Dividends on portfolio"
  Assets:US:ETrade:Cash                            102.94 USD
  Income:US:ETrade:GLD:Dividend                   -102.94 USD

2025-03-18 * "Dividends on portfolio"
  Assets:US:ETrade:Cash                            102.94 USD
  Income:US:ETrade:VEA:Dividend                   -102.94 USD

2025-04-02 * "Sell shares of VHT"
  Assets:US:ETrade:VHT                                -16 VHT {43.57 USD, 2024-09-30} @ 43.42 USD
  Assets:US:ETrade:Cash                            685.77 USD
  Expenses:Financial:Commissions                     8.95 USD
  Income:US:ETrade:PnL                               2.40 USD

2025-04-13 * "Sell shares of ITOT"
  Assets:US:ETrade:ITOT                               -15 ITOT {132.79 USD, 2023-11-18} @ 155.06 USD
  Assets:US:ETrade:Cash                           2316.95 USD
  Expenses:Financial:Commissions                     8.95 USD
  Income:US:ETrade:PnL                            -334.05 USD

2025-04-15 * "Buy shares of VHT"
  Assets:US:ETrade:Cash                           -795.19 USD
  Assets:US:ETrade:VHT                                 18 VHT {43.68 USD, 2025-04-15}
  Expenses:Financial:Commissions                     8.95 USD

2025-04-15 * "Buy shares of ITOT"
  Assets:US:ETrade:Cash                           -784.25 USD
  Assets:US:ETrade:ITOT                                 5 ITOT {155.06 USD, 2025-04-15}
  Expenses:Financial:Commissions                     8.95 USD

2025-04-15 * "Buy shares of GLD"
  Assets:US:ETrade:Cash                           -722.67 USD
  Assets:US:ETrade:GLD                                  7 GLD {101.96 USD, 2025-04-15}
  Expenses:Financial:Commissions                     8.95 USD

2025-04-15 * "Buy shares of VEA"
  Assets:US:ETrade:Cash                           -786.24 USD
  Assets:US:ETrade:VEA                                 19 VEA {40.91 USD, 2025-04-15}
  Expenses:Financial:Commissions                     8.95 USD

2025-04-26 * "Sell shares of VEA"
  Assets:US:ETrade:VEA                                -59 VEA {35.51 USD, 2023-11-18} @ 42.13 USD
  Assets:US:ETrade:Cash                           2476.72 USD
  Expenses:Financial:Commissions                     8.95 USD
  Income:US:ETrade:PnL                            -390.58 USD

2025-05-07 * "Buy shares of ITOT"
  Assets:US:ETrade:Cash                           -475.93 USD
  Assets:US:ETrade:ITOT                                 3 ITOT {155.66 USD, 2025-05-07}
  Expenses:Financial:Commissions                     8.95 USD

2025-05-07 * "Buy shares of VEA"
  Assets:US:ETrade:Cash                           -574.19 USD
  Assets:US:ETrade:VEA                                 13 VEA {43.48 USD, 2025-05-07}
  Expenses:Financial:Commissions                     8.95 USD

2025-05-07 * "Buy shares of VHT"
  Assets:US:ETrade:Cash                           -594.08 USD
  Assets:US:ETrade:VHT                                 13 VHT {45.01 USD, 2025-05-07}
  Expenses:Financial:Commissions                     8.95 USD

2025-05-07 * "Buy shares of GLD"
  Assets:US:ETrade:Cash                           -607.93 USD
  Assets:US:ETrade:GLD                                  6 GLD {99.83 USD, 2025-05-07}
  Expenses:Financial:Commissions                     8.95 USD

2025-06-18 * "Dividends on portfolio"
  Assets:US:ETrade:Cash                            124.01 USD
  Income:US:ETrade:ITOT:Dividend                  -124.01 USD

2025-08-18 * "Buy shares of ITOT"
  Assets:US:ETrade:Cash                          -2136.40 USD
  Assets:US:ETrade:ITOT                                13 ITOT {163.65 USD, 2025-08-18}
  Expenses:Financial:Commissions                     8.95 USD

2025-08-18 * "Buy shares of VEA"
  Assets:US:ETrade:Cash                          -2167.51 USD
  Assets:US:ETrade:VEA                                 48 VEA {44.97 USD, 2025-08-18}
  Expenses:Financial:Commissions                     8.95 USD

2025-09-18 * "Dividends on portfolio"
  Assets:US:ETrade:Cash                            141.16 USD
  Income:US:ETrade:GLD:Dividend                   -141.16 USD

2025-10-07 * "Buy shares of GLD"
  Assets:US:ETrade:Cash                          -5030.47 USD
  Assets:US:ETrade:GLD                                 49 GLD {102.48 USD, 2025-10-07}
  Expenses:Financial:Commissions                     8.95 USD



* Vanguard Investments

2023-01-01 open Assets:US:Vanguard:VBMPX                     VBMPX
  number: "882882"
2023-01-01 open Assets:US:Vanguard:RGAGX                     RGAGX
  number: "882882"
2023-01-01 open Assets:US:Vanguard                            USD
  institution: "Vanguard Group"
  address: "P.O. Box 1110, Valley Forge, PA 19482-1110"
  phone: "+1.800.523.1188"
2023-01-01 open Income:US:Hoogle:Match401k                   USD
2023-01-01 open Assets:US:Vanguard:Cash                       USD
  number: "882882"

2023-01-06 * "Employer match for contribution"
  Assets:US:Vanguard:Cash                          600.00 USD
  Income:US:Hoogle:Match401k                      -600.00 USD

2023-01-09 * "Investing 40% of cash in VBMPX"
  Assets:US:Vanguard:VBMPX                          4.852 VBMPX {98.93 USD, 2023-01-09}
  Assets:US:Vanguard:Cash                         -480.01 USD

2023-01-09 * "Investing 60% of cash in RGAGX"
  Assets:US:Vanguard:RGAGX                         14.551 RGAGX {49.48 USD, 2023-01-09}
  Assets:US:Vanguard:Cash                         -719.98 USD

2023-01-09 * "Investing 40% of cash in VBMPX"
  Assets:US:Vanguard:VBMPX                          2.426 VBMPX {98.93 USD, 2023-01-09}
  Assets:US:Vanguard:Cash                         -240.00 USD

2023-01-09 * "Investing 60% of cash in RGAGX"
  Assets:US:Vanguard:RGAGX                          7.276 RGAGX {49.48 USD, 2023-01-09}
  Assets:US:Vanguard:Cash                         -360.02 USD

2023-01-20 * "Employer match for contribution"
  Assets:US:Vanguard:Cash                          600.00 USD
  Income:US:Hoogle:Match401k                      -600.00 USD

2023-01-23 * "Investing 40% of cash in VBMPX"
  Assets:US:Vanguard:VBMPX                          4.812 VBMPX {99.74 USD, 2023-01-23}
  Assets:US:Vanguard:Cash                         -479.95 USD

2023-01-23 * "Investing 60% of cash in RGAGX"
  Assets:US:Vanguard:RGAGX                         14.243 RGAGX {50.55 USD, 2023-01-23}
  Assets:US:Vanguard:Cash                         -719.98 USD

2023-01-23 * "Investing 40% of cash in VBMPX"
  Assets:US:Vanguard:VBMPX                          2.406 VBMPX {99.74 USD, 2023-01-23}
  Assets:US:Vanguard:Cash                         -239.97 USD

2023-01-23 * "Investing 60% of cash in RGAGX"
  Assets:US:Vanguard:RGAGX                          7.122 RGAGX {50.55 USD, 2023-01-23}
  Assets:US:Vanguard:Cash                         -360.02 USD

2023-02-03 * "Employer match for contribution"
  Assets:US:Vanguard:Cash                          600.00 USD
  Income:US:Hoogle:Match401k                      -600.00 USD

2023-02-06 * "Investing 40% of cash in VBMPX"
  Assets:US:Vanguard:VBMPX                          4.863 VBMPX {98.71 USD, 2023-02-06}
  Assets:US:Vanguard:Cash                         -480.03 USD

2023-02-06 * "Investing 60% of cash in RGAGX"
  Assets:US:Vanguard:RGAGX                         14.386 RGAGX {50.05 USD, 2023-02-06}
  Assets:US:Vanguard:Cash                         -720.02 USD

2023-02-06 * "Investing 40% of cash in VBMPX"
  Assets:US:Vanguard:VBMPX                          2.431 VBMPX {98.71 USD, 2023-02-06}
  Assets:US:Vanguard:Cash                         -239.96 USD

2023-02-06 * "Investing 60% of cash in RGAGX"
  Assets:US:Vanguard:RGAGX                          7.193 RGAGX {50.05 USD, 2023-02-06}
  Assets:US:Vanguard:Cash                         -360.01 USD

2023-02-17 * "Employer match for contribution"
  Assets:US:Vanguard:Cash                          600.00 USD
  Income:US:Hoogle:Match401k                      -600.00 USD

2023-02-20 * "Investing 40% of cash in VBMPX"
  Assets:US:Vanguard:VBMPX                          4.939 VBMPX {97.19 USD, 2023-02-20}
  Assets:US:Vanguard:Cash                         -480.02 USD

2023-02-20 * "Investing 60% of cash in RGAGX"
  Assets:US:Vanguard:RGAGX                         14.470 RGAGX {49.76 USD, 2023-02-20}
  Assets:US:Vanguard:Cash                         -720.03 USD

2023-02-20 * "Investing 40% of cash in VBMPX"
  Assets:US:Vanguard:VBMPX                          2.469 VBMPX {97.19 USD, 2023-02-20}
  Assets:US:Vanguard:Cash                         -239.96 USD

2023-02-20 * "Investing 60% of cash in RGAGX"
  Assets:US:Vanguard:RGAGX                          7.235 RGAGX {49.76 USD, 2023-02-20}
  Assets:US:Vanguard:Cash                         -360.01 USD

2023-03-03 * "Employer match for contribution"
  Assets:US:Vanguard:Cash                          600.00 USD
  Income:US:Hoogle:Match401k                      -600.00 USD

2023-03-06 * "Investing 40% of cash in VBMPX"
  Assets:US:Vanguard:VBMPX                          4.855 VBMPX {98.87 USD, 2023-03-06}
  Assets:US:Vanguard:Cash                         -480.01 USD

2023-03-06 * "Investing 60% of cash in RGAGX"
  Assets:US:Vanguard:RGAGX                         14.421 RGAGX {49.93 USD, 2023-03-06}
  Assets:US:Vanguard:Cash                         -720.04 USD

2023-03-06 * "Investing 40% of cash in VBMPX"
  Assets:US:Vanguard:VBMPX                          2.427 VBMPX {98.87 USD, 2023-03-06}
  Assets:US:Vanguard:Cash                         -239.96 USD

2023-03-06 * "Investing 60% of cash in RGAGX"
  Assets:US:Vanguard:RGAGX                          7.210 RGAGX {49.93 USD, 2023-03-06}
  Assets:US:Vanguard:Cash                         -360.00 USD

2023-03-17 * "Employer match for contribution"
  Assets:US:Vanguard:Cash                          600.00 USD
  Income:US:Hoogle:Match401k                      -600.00 USD

2023-03-20 * "Investing 40% of cash in VBMPX"
  Assets:US:Vanguard:VBMPX                          4.818 VBMPX {99.62 USD, 2023-03-20}
  Assets:US:Vanguard:Cash                         -479.97 USD

2023-03-20 * "Investing 60% of cash in RGAGX"
  Assets:US:Vanguard:RGAGX                         14.628 RGAGX {49.22 USD, 2023-03-20}
  Assets:US:Vanguard:Cash                         -719.99 USD

2023-03-20 * "Investing 40% of cash in VBMPX"
  Assets:US:Vanguard:VBMPX                          2.409 VBMPX {99.62 USD, 2023-03-20}
  Assets:US:Vanguard:Cash                         -239.98 USD

2023-03-20 * "Investing 60% of cash in RGAGX"
  Assets:US:Vanguard:RGAGX                          7.315 RGAGX {49.22 USD, 2023-03-20}
  Assets:US:Vanguard:Cash                         -360.04 USD

2023-03-31 * "Employer match for contribution"
  Assets:US:Vanguard:Cash                          600.00 USD
  Income:US:Hoogle:Match401k                      -600.00 USD

2023-04-03 * "Investing 40% of cash in VBMPX"
  Assets:US:Vanguard:VBMPX                          4.805 VBMPX {99.89 USD, 2023-04-03}
  Assets:US:Vanguard:Cash                         -479.97 USD

2023-04-03 * "Investing 60% of cash in RGAGX"
  Assets:US:Vanguard:RGAGX                         14.392 RGAGX {50.03 USD, 2023-04-03}
  Assets:US:Vanguard:Cash                         -720.03 USD

2023-04-03 * "Investing 40% of cash in VBMPX"
  Assets:US:Vanguard:VBMPX                          2.403 VBMPX {99.89 USD, 2023-04-03}
  Assets:US:Vanguard:Cash                         -240.04 USD

2023-04-03 * "Investing 60% of cash in RGAGX"
  Assets:US:Vanguard:RGAGX                          7.196 RGAGX {50.03 USD, 2023-04-03}
  Assets:US:Vanguard:Cash                         -360.02 USD

2023-04-14 * "Employer match for contribution"
  Assets:US:Vanguard:Cash                          600.00 USD
  Income:US:Hoogle:Match401k                      -600.00 USD

2023-04-17 * "Investing 40% of cash in VBMPX"
  Assets:US:Vanguard:VBMPX                          4.793 VBMPX {100.14 USD, 2023-04-17}
  Assets:US:Vanguard:Cash                         -479.97 USD

2023-04-17 * "Investing 60% of cash in RGAGX"
  Assets:US:Vanguard:RGAGX                         14.754 RGAGX {48.80 USD, 2023-04-17}
  Assets:US:Vanguard:Cash                         -720.00 USD

2023-04-17 * "Investing 40% of cash in VBMPX"
  Assets:US:Vanguard:VBMPX                          2.397 VBMPX {100.14 USD, 2023-04-17}
  Assets:US:Vanguard:Cash                         -240.04 USD

2023-04-17 * "Investing 60% of cash in RGAGX"
  Assets:US:Vanguard:RGAGX                          7.377 RGAGX {48.80 USD, 2023-04-17}
  Assets:US:Vanguard:Cash                         -360.00 USD

2023-04-28 * "Employer match for contribution"
  Assets:US:Vanguard:Cash                          600.00 USD
  Income:US:Hoogle:Match401k                      -600.00 USD

2023-05-01 * "Investing 40% of cash in VBMPX"
  Assets:US:Vanguard:VBMPX                          4.776 VBMPX {100.49 USD, 2023-05-01}
  Assets:US:Vanguard:Cash                         -479.94 USD

2023-05-01 * "Investing 60% of cash in RGAGX"
  Assets:US:Vanguard:RGAGX                         14.748 RGAGX {48.82 USD, 2023-05-01}
  Assets:US:Vanguard:Cash                         -720.00 USD

2023-05-01 * "Investing 40% of cash in VBMPX"
  Assets:US:Vanguard:VBMPX                          2.388 VBMPX {100.49 USD, 2023-05-01}
  Assets:US:Vanguard:Cash                         -239.97 USD

2023-05-01 * "Investing 60% of cash in RGAGX"
  Assets:US:Vanguard:RGAGX                          7.374 RGAGX {48.82 USD, 2023-05-01}
  Assets:US:Vanguard:Cash                         -360.00 USD

2023-05-12 * "Employer match for contribution"
  Assets:US:Vanguard:Cash                          600.00 USD
  Income:US:Hoogle:Match401k                      -600.00 USD

2023-05-15 * "Investing 40% of cash in VBMPX"
  Assets:US:Vanguard:VBMPX                          4.901 VBMPX {97.94 USD, 2023-05-15}
  Assets:US:Vanguard:Cash                         -480.00 USD

2023-05-15 * "Investing 60% of cash in RGAGX"
  Assets:US:Vanguard:RGAGX                         14.704 RGAGX {48.97 USD, 2023-05-15}
  Assets:US:Vanguard:Cash                         -720.05 USD

2023-05-15 * "Investing 40% of cash in VBMPX"
  Assets:US:Vanguard:VBMPX                          2.451 VBMPX {97.94 USD, 2023-05-15}
  Assets:US:Vanguard:Cash                         -240.05 USD

2023-05-15 * "Investing 60% of cash in RGAGX"
  Assets:US:Vanguard:RGAGX                          7.352 RGAGX {48.97 USD, 2023-05-15}
  Assets:US:Vanguard:Cash                         -360.03 USD

2023-05-26 * "Employer match for contribution"
  Assets:US:Vanguard:Cash                          600.00 USD
  Income:US:Hoogle:Match401k                      -600.00 USD

2023-05-29 * "Investing 40% of cash in VBMPX"
  Assets:US:Vanguard:VBMPX                          4.881 VBMPX {98.34 USD, 2023-05-29}
  Assets:US:Vanguard:Cash                         -480.00 USD

2023-05-29 * "Investing 60% of cash in RGAGX"
  Assets:US:Vanguard:RGAGX                         14.747 RGAGX {48.82 USD, 2023-05-29}
  Assets:US:Vanguard:Cash                         -719.95 USD

2023-05-29 * "Investing 40% of cash in VBMPX"
  Assets:US:Vanguard:VBMPX                          2.440 VBMPX {98.34 USD, 2023-05-29}
  Assets:US:Vanguard:Cash                         -239.95 USD

2023-05-29 * "Investing 60% of cash in RGAGX"
  Assets:US:Vanguard:RGAGX                          7.374 RGAGX {48.82 USD, 2023-05-29}
  Assets:US:Vanguard:Cash                         -360.00 USD

2023-06-09 * "Employer match for contribution"
  Assets:US:Vanguard:Cash                          600.00 USD
  Income:US:Hoogle:Match401k                      -600.00 USD

2023-06-12 * "Investing 40% of cash in VBMPX"
  Assets:US:Vanguard:VBMPX                          4.842 VBMPX {99.14 USD, 2023-06-12}
  Assets:US:Vanguard:Cash                         -480.04 USD

2023-06-12 * "Investing 60% of cash in RGAGX"
  Assets:US:Vanguard:RGAGX                         14.511 RGAGX {49.62 USD, 2023-06-12}
  Assets:US:Vanguard:Cash                         -720.04 USD

2023-06-12 * "Investing 40% of cash in VBMPX"
  Assets:US:Vanguard:VBMPX                          2.421 VBMPX {99.14 USD, 2023-06-12}
  Assets:US:Vanguard:Cash                         -240.02 USD

2023-06-12 * "Investing 60% of cash in RGAGX"
  Assets:US:Vanguard:RGAGX                          7.255 RGAGX {49.62 USD, 2023-06-12}
  Assets:US:Vanguard:Cash                         -359.99 USD

2023-06-23 * "Employer match for contribution"
  Assets:US:Vanguard:Cash                          600.00 USD
  Income:US:Hoogle:Match401k                      -600.00 USD

2023-06-26 * "Investing 40% of cash in VBMPX"
  Assets:US:Vanguard:VBMPX                          4.815 VBMPX {99.69 USD, 2023-06-26}
  Assets:US:Vanguard:Cash                         -480.01 USD

2023-06-26 * "Investing 60% of cash in RGAGX"
  Assets:US:Vanguard:RGAGX                         14.399 RGAGX {50.00 USD, 2023-06-26}
  Assets:US:Vanguard:Cash                         -719.95 USD

2023-06-26 * "Investing 40% of cash in VBMPX"
  Assets:US:Vanguard:VBMPX                          2.407 VBMPX {99.69 USD, 2023-06-26}
  Assets:US:Vanguard:Cash                         -239.95 USD

2023-06-26 * "Investing 60% of cash in RGAGX"
  Assets:US:Vanguard:RGAGX                          7.200 RGAGX {50.00 USD, 2023-06-26}
  Assets:US:Vanguard:Cash                         -360.00 USD

2023-07-07 * "Employer match for contribution"
  Assets:US:Vanguard:Cash                          600.00 USD
  Income:US:Hoogle:Match401k                      -600.00 USD

2023-07-10 * "Investing 40% of cash in VBMPX"
  Assets:US:Vanguard:VBMPX                          4.827 VBMPX {99.45 USD, 2023-07-10}
  Assets:US:Vanguard:Cash                         -480.05 USD

2023-07-10 * "Investing 60% of cash in RGAGX"
  Assets:US:Vanguard:RGAGX                         14.745 RGAGX {48.83 USD, 2023-07-10}
  Assets:US:Vanguard:Cash                         -720.00 USD

2023-07-10 * "Investing 40% of cash in VBMPX"
  Assets:US:Vanguard:VBMPX                          2.413 VBMPX {99.45 USD, 2023-07-10}
  Assets:US:Vanguard:Cash                         -239.97 USD

2023-07-10 * "Investing 60% of cash in RGAGX"
  Assets:US:Vanguard:RGAGX                          7.372 RGAGX {48.83 USD, 2023-07-10}
  Assets:US:Vanguard:Cash                         -359.97 USD

2023-07-21 * "Employer match for contribution"
  Assets:US:Vanguard:Cash                          600.00 USD
  Income:US:Hoogle:Match401k                      -600.00 USD

2023-07-24 * "Investing 40% of cash in VBMPX"
  Assets:US:Vanguard:VBMPX                          4.846 VBMPX {99.06 USD, 2023-07-24}
  Assets:US:Vanguard:Cash                         -480.04 USD

2023-07-24 * "Investing 60% of cash in RGAGX"
  Assets:US:Vanguard:RGAGX                         14.715 RGAGX {48.93 USD, 2023-07-24}
  Assets:US:Vanguard:Cash                         -720.00 USD

2023-07-24 * "Investing 40% of cash in VBMPX"
  Assets:US:Vanguard:VBMPX                          2.423 VBMPX {99.06 USD, 2023-07-24}
  Assets:US:Vanguard:Cash                         -240.02 USD

2023-07-24 * "Investing 60% of cash in RGAGX"
  Assets:US:Vanguard:RGAGX                          7.357 RGAGX {48.93 USD, 2023-07-24}
  Assets:US:Vanguard:Cash                         -359.98 USD

2023-08-04 * "Employer match for contribution"
  Assets:US:Vanguard:Cash                          250.00 USD
  Income:US:Hoogle:Match401k                      -250.00 USD

2023-08-07 * "Investing 40% of cash in VBMPX"
  Assets:US:Vanguard:VBMPX                          1.963 VBMPX {101.90 USD, 2023-08-07}
  Assets:US:Vanguard:Cash                         -200.03 USD

2023-08-07 * "Investing 60% of cash in RGAGX"
  Assets:US:Vanguard:RGAGX                          6.135 RGAGX {48.90 USD, 2023-08-07}
  Assets:US:Vanguard:Cash                         -300.00 USD

2023-08-07 * "Investing 40% of cash in VBMPX"
  Assets:US:Vanguard:VBMPX                          0.981 VBMPX {101.90 USD, 2023-08-07}
  Assets:US:Vanguard:Cash                          -99.96 USD

2023-08-07 * "Investing 60% of cash in RGAGX"
  Assets:US:Vanguard:RGAGX                          3.067 RGAGX {48.90 USD, 2023-08-07}
  Assets:US:Vanguard:Cash                         -149.98 USD

2024-01-05 * "Employer match for contribution"
  Assets:US:Vanguard:Cash                          600.00 USD
  Income:US:Hoogle:Match401k                      -600.00 USD

2024-01-08 * "Investing 40% of cash in VBMPX"
  Assets:US:Vanguard:VBMPX                          4.701 VBMPX {102.10 USD, 2024-01-08}
  Assets:US:Vanguard:Cash                         -479.97 USD

2024-01-08 * "Investing 60% of cash in RGAGX"
  Assets:US:Vanguard:RGAGX                         14.966 RGAGX {48.11 USD, 2024-01-08}
  Assets:US:Vanguard:Cash                         -720.01 USD

2024-01-08 * "Investing 40% of cash in VBMPX"
  Assets:US:Vanguard:VBMPX                          2.351 VBMPX {102.10 USD, 2024-01-08}
  Assets:US:Vanguard:Cash                         -240.04 USD

2024-01-08 * "Investing 60% of cash in RGAGX"
  Assets:US:Vanguard:RGAGX                          7.483 RGAGX {48.11 USD, 2024-01-08}
  Assets:US:Vanguard:Cash                         -360.01 USD

2024-01-19 * "Employer match for contribution"
  Assets:US:Vanguard:Cash                          600.00 USD
  Income:US:Hoogle:Match401k                      -600.00 USD

2024-01-22 * "Investing 40% of cash in VBMPX"
  Assets:US:Vanguard:VBMPX                          4.726 VBMPX {101.56 USD, 2024-01-22}
  Assets:US:Vanguard:Cash                         -479.97 USD

2024-01-22 * "Investing 60% of cash in RGAGX"
  Assets:US:Vanguard:RGAGX                         15.003 RGAGX {47.99 USD, 2024-01-22}
  Assets:US:Vanguard:Cash                         -719.99 USD

2024-01-22 * "Investing 40% of cash in VBMPX"
  Assets:US:Vanguard:VBMPX                          2.363 VBMPX {101.56 USD, 2024-01-22}
  Assets:US:Vanguard:Cash                         -239.99 USD

2024-01-22 * "Investing 60% of cash in RGAGX"
  Assets:US:Vanguard:RGAGX                          7.502 RGAGX {47.99 USD, 2024-01-22}
  Assets:US:Vanguard:Cash                         -360.02 USD

2024-02-02 * "Employer match for contribution"
  Assets:US:Vanguard:Cash                          600.00 USD
  Income:US:Hoogle:Match401k                      -600.00 USD

2024-02-05 * "Investing 40% of cash in VBMPX"
  Assets:US:Vanguard:VBMPX                          4.734 VBMPX {101.40 USD, 2024-02-05}
  Assets:US:Vanguard:Cash                         -480.03 USD

2024-02-05 * "Investing 60% of cash in RGAGX"
  Assets:US:Vanguard:RGAGX                         15.038 RGAGX {47.88 USD, 2024-02-05}
  Assets:US:Vanguard:Cash                         -720.02 USD

2024-02-05 * "Investing 40% of cash in VBMPX"
  Assets:US:Vanguard:VBMPX                          2.367 VBMPX {101.40 USD, 2024-02-05}
  Assets:US:Vanguard:Cash                         -240.01 USD

2024-02-05 * "Investing 60% of cash in RGAGX"
  Assets:US:Vanguard:RGAGX                          7.519 RGAGX {47.88 USD, 2024-02-05}
  Assets:US:Vanguard:Cash                         -360.01 USD

2024-02-16 * "Employer match for contribution"
  Assets:US:Vanguard:Cash                          600.00 USD
  Income:US:Hoogle:Match401k                      -600.00 USD

2024-02-19 * "Investing 40% of cash in VBMPX"
  Assets:US:Vanguard:VBMPX                          4.837 VBMPX {99.23 USD, 2024-02-19}
  Assets:US:Vanguard:Cash                         -479.98 USD

2024-02-19 * "Investing 60% of cash in RGAGX"
  Assets:US:Vanguard:RGAGX                         15.193 RGAGX {47.39 USD, 2024-02-19}
  Assets:US:Vanguard:Cash                         -720.00 USD

2024-02-19 * "Investing 40% of cash in VBMPX"
  Assets:US:Vanguard:VBMPX                          2.419 VBMPX {99.23 USD, 2024-02-19}
  Assets:US:Vanguard:Cash                         -240.04 USD

2024-02-19 * "Investing 60% of cash in RGAGX"
  Assets:US:Vanguard:RGAGX                          7.596 RGAGX {47.39 USD, 2024-02-19}
  Assets:US:Vanguard:Cash                         -359.97 USD

2024-03-01 * "Employer match for contribution"
  Assets:US:Vanguard:Cash                          600.00 USD
  Income:US:Hoogle:Match401k                      -600.00 USD

2024-03-04 * "Investing 40% of cash in VBMPX"
  Assets:US:Vanguard:VBMPX                          4.850 VBMPX {98.97 USD, 2024-03-04}
  Assets:US:Vanguard:Cash                         -480.00 USD

2024-03-04 * "Investing 60% of cash in RGAGX"
  Assets:US:Vanguard:RGAGX                         14.940 RGAGX {48.19 USD, 2024-03-04}
  Assets:US:Vanguard:Cash                         -719.96 USD

2024-03-04 * "Investing 40% of cash in VBMPX"
  Assets:US:Vanguard:VBMPX                          2.425 VBMPX {98.97 USD, 2024-03-04}
  Assets:US:Vanguard:Cash                         -240.00 USD

2024-03-04 * "Investing 60% of cash in RGAGX"
  Assets:US:Vanguard:RGAGX                          7.471 RGAGX {48.19 USD, 2024-03-04}
  Assets:US:Vanguard:Cash                         -360.03 USD

2024-03-15 * "Employer match for contribution"
  Assets:US:Vanguard:Cash                          600.00 USD
  Income:US:Hoogle:Match401k                      -600.00 USD

2024-03-18 * "Investing 40% of cash in VBMPX"
  Assets:US:Vanguard:VBMPX                          4.896 VBMPX {98.03 USD, 2024-03-18}
  Assets:US:Vanguard:Cash                         -479.95 USD

2024-03-18 * "Investing 60% of cash in RGAGX"
  Assets:US:Vanguard:RGAGX                         15.075 RGAGX {47.76 USD, 2024-03-18}
  Assets:US:Vanguard:Cash                         -719.98 USD

2024-03-18 * "Investing 40% of cash in VBMPX"
  Assets:US:Vanguard:VBMPX                          2.448 VBMPX {98.03 USD, 2024-03-18}
  Assets:US:Vanguard:Cash                         -239.98 USD

2024-03-18 * "Investing 60% of cash in RGAGX"
  Assets:US:Vanguard:RGAGX                          7.538 RGAGX {47.76 USD, 2024-03-18}
  Assets:US:Vanguard:Cash                         -360.01 USD

2024-03-29 * "Employer match for contribution"
  Assets:US:Vanguard:Cash                          600.00 USD
  Income:US:Hoogle:Match401k                      -600.00 USD

2024-04-01 * "Investing 40% of cash in VBMPX"
  Assets:US:Vanguard:VBMPX                          4.855 VBMPX {98.88 USD, 2024-04-01}
  Assets:US:Vanguard:Cash                         -480.06 USD

2024-04-01 * "Investing 60% of cash in RGAGX"
  Assets:US:Vanguard:RGAGX                         14.837 RGAGX {48.53 USD, 2024-04-01}
  Assets:US:Vanguard:Cash                         -720.04 USD

2024-04-01 * "Investing 40% of cash in VBMPX"
  Assets:US:Vanguard:VBMPX                          2.427 VBMPX {98.88 USD, 2024-04-01}
  Assets:US:Vanguard:Cash                         -239.98 USD

2024-04-01 * "Investing 60% of cash in RGAGX"
  Assets:US:Vanguard:RGAGX                          7.418 RGAGX {48.53 USD, 2024-04-01}
  Assets:US:Vanguard:Cash                         -360.00 USD

2024-04-12 * "Employer match for contribution"
  Assets:US:Vanguard:Cash                          600.00 USD
  Income:US:Hoogle:Match401k                      -600.00 USD

2024-04-15 * "Investing 40% of cash in VBMPX"
  Assets:US:Vanguard:VBMPX                          5.031 VBMPX {95.40 USD, 2024-04-15}
  Assets:US:Vanguard:Cash                         -479.96 USD

2024-04-15 * "Investing 60% of cash in RGAGX"
  Assets:US:Vanguard:RGAGX                         14.972 RGAGX {48.09 USD, 2024-04-15}
  Assets:US:Vanguard:Cash                         -720.00 USD

2024-04-15 * "Investing 40% of cash in VBMPX"
  Assets:US:Vanguard:VBMPX                          2.516 VBMPX {95.40 USD, 2024-04-15}
  Assets:US:Vanguard:Cash                         -240.03 USD

2024-04-15 * "Investing 60% of cash in RGAGX"
  Assets:US:Vanguard:RGAGX                          7.486 RGAGX {48.09 USD, 2024-04-15}
  Assets:US:Vanguard:Cash                         -360.00 USD

2024-04-26 * "Employer match for contribution"
  Assets:US:Vanguard:Cash                          600.00 USD
  Income:US:Hoogle:Match401k                      -600.00 USD

2024-04-29 * "Investing 40% of cash in VBMPX"
  Assets:US:Vanguard:VBMPX                          5.115 VBMPX {93.85 USD, 2024-04-29}
  Assets:US:Vanguard:Cash                         -480.04 USD

2024-04-29 * "Investing 60% of cash in RGAGX"
  Assets:US:Vanguard:RGAGX                         14.861 RGAGX {48.45 USD, 2024-04-29}
  Assets:US:Vanguard:Cash                         -720.02 USD

2024-04-29 * "Investing 40% of cash in VBMPX"
  Assets:US:Vanguard:VBMPX                          2.557 VBMPX {93.85 USD, 2024-04-29}
  Assets:US:Vanguard:Cash                         -239.97 USD

2024-04-29 * "Investing 60% of cash in RGAGX"
  Assets:US:Vanguard:RGAGX                          7.429 RGAGX {48.45 USD, 2024-04-29}
  Assets:US:Vanguard:Cash                         -359.94 USD

2024-05-10 * "Employer match for contribution"
  Assets:US:Vanguard:Cash                          600.00 USD
  Income:US:Hoogle:Match401k                      -600.00 USD

2024-05-13 * "Investing 40% of cash in VBMPX"
  Assets:US:Vanguard:VBMPX                          5.141 VBMPX {93.37 USD, 2024-05-13}
  Assets:US:Vanguard:Cash                         -480.02 USD

2024-05-13 * "Investing 60% of cash in RGAGX"
  Assets:US:Vanguard:RGAGX                         14.754 RGAGX {48.80 USD, 2024-05-13}
  Assets:US:Vanguard:Cash                         -720.00 USD

2024-05-13 * "Investing 40% of cash in VBMPX"
  Assets:US:Vanguard:VBMPX                          2.570 VBMPX {93.37 USD, 2024-05-13}
  Assets:US:Vanguard:Cash                         -239.96 USD

2024-05-13 * "Investing 60% of cash in RGAGX"
  Assets:US:Vanguard:RGAGX                          7.377 RGAGX {48.80 USD, 2024-05-13}
  Assets:US:Vanguard:Cash                         -360.00 USD

2024-05-24 * "Employer match for contribution"
  Assets:US:Vanguard:Cash                          600.00 USD
  Income:US:Hoogle:Match401k                      -600.00 USD

2024-05-27 * "Investing 40% of cash in VBMPX"
  Assets:US:Vanguard:VBMPX                          5.104 VBMPX {94.05 USD, 2024-05-27}
  Assets:US:Vanguard:Cash                         -480.03 USD

2024-05-27 * "Investing 60% of cash in RGAGX"
  Assets:US:Vanguard:RGAGX                         14.803 RGAGX {48.64 USD, 2024-05-27}
  Assets:US:Vanguard:Cash                         -720.02 USD

2024-05-27 * "Investing 40% of cash in VBMPX"
  Assets:US:Vanguard:VBMPX                          2.552 VBMPX {94.05 USD, 2024-05-27}
  Assets:US:Vanguard:Cash                         -240.02 USD

2024-05-27 * "Investing 60% of cash in RGAGX"
  Assets:US:Vanguard:RGAGX                          7.401 RGAGX {48.64 USD, 2024-05-27}
  Assets:US:Vanguard:Cash                         -359.98 USD

2024-06-07 * "Employer match for contribution"
  Assets:US:Vanguard:Cash                          600.00 USD
  Income:US:Hoogle:Match401k                      -600.00 USD

2024-06-10 * "Investing 40% of cash in VBMPX"
  Assets:US:Vanguard:VBMPX                          5.117 VBMPX {93.80 USD, 2024-06-10}
  Assets:US:Vanguard:Cash                         -479.97 USD

2024-06-10 * "Investing 60% of cash in RGAGX"
  Assets:US:Vanguard:RGAGX                         14.709 RGAGX {48.95 USD, 2024-06-10}
  Assets:US:Vanguard:Cash                         -720.01 USD

2024-06-10 * "Investing 40% of cash in VBMPX"
  Assets:US:Vanguard:VBMPX                          2.559 VBMPX {93.80 USD, 2024-06-10}
  Assets:US:Vanguard:Cash                         -240.03 USD

2024-06-10 * "Investing 60% of cash in RGAGX"
  Assets:US:Vanguard:RGAGX                          7.355 RGAGX {48.95 USD, 2024-06-10}
  Assets:US:Vanguard:Cash                         -360.03 USD

2024-06-21 * "Employer match for contribution"
  Assets:US:Vanguard:Cash                          600.00 USD
  Income:US:Hoogle:Match401k                      -600.00 USD

2024-06-24 * "Investing 40% of cash in VBMPX"
  Assets:US:Vanguard:VBMPX                          5.093 VBMPX {94.24 USD, 2024-06-24}
  Assets:US:Vanguard:Cash                         -479.96 USD

2024-06-24 * "Investing 60% of cash in RGAGX"
  Assets:US:Vanguard:RGAGX                         14.891 RGAGX {48.35 USD, 2024-06-24}
  Assets:US:Vanguard:Cash                         -719.98 USD

2024-06-24 * "Investing 40% of cash in VBMPX"
  Assets:US:Vanguard:VBMPX                          2.547 VBMPX {94.24 USD, 2024-06-24}
  Assets:US:Vanguard:Cash                         -240.03 USD

2024-06-24 * "Investing 60% of cash in RGAGX"
  Assets:US:Vanguard:RGAGX                          7.446 RGAGX {48.35 USD, 2024-06-24}
  Assets:US:Vanguard:Cash                         -360.01 USD

2024-07-05 * "Employer match for contribution"
  Assets:US:Vanguard:Cash                          600.00 USD
  Income:US:Hoogle:Match401k                      -600.00 USD

2024-07-08 * "Investing 40% of cash in VBMPX"
  Assets:US:Vanguard:VBMPX                          5.031 VBMPX {95.41 USD, 2024-07-08}
  Assets:US:Vanguard:Cash                         -480.01 USD

2024-07-08 * "Investing 60% of cash in RGAGX"
  Assets:US:Vanguard:RGAGX                         14.965 RGAGX {48.11 USD, 2024-07-08}
  Assets:US:Vanguard:Cash                         -719.97 USD

2024-07-08 * "Investing 40% of cash in VBMPX"
  Assets:US:Vanguard:VBMPX                          2.515 VBMPX {95.41 USD, 2024-07-08}
  Assets:US:Vanguard:Cash                         -239.96 USD

2024-07-08 * "Investing 60% of cash in RGAGX"
  Assets:US:Vanguard:RGAGX                          7.483 RGAGX {48.11 USD, 2024-07-08}
  Assets:US:Vanguard:Cash                         -360.01 USD

2024-07-19 * "Employer match for contribution"
  Assets:US:Vanguard:Cash                          600.00 USD
  Income:US:Hoogle:Match401k                      -600.00 USD

2024-07-22 * "Investing 40% of cash in VBMPX"
  Assets:US:Vanguard:VBMPX                          5.066 VBMPX {94.75 USD, 2024-07-22}
  Assets:US:Vanguard:Cash                         -480.00 USD

2024-07-22 * "Investing 60% of cash in RGAGX"
  Assets:US:Vanguard:RGAGX                         15.110 RGAGX {47.65 USD, 2024-07-22}
  Assets:US:Vanguard:Cash                         -719.99 USD

2024-07-22 * "Investing 40% of cash in VBMPX"
  Assets:US:Vanguard:VBMPX                          2.533 VBMPX {94.75 USD, 2024-07-22}
  Assets:US:Vanguard:Cash                         -240.00 USD

2024-07-22 * "Investing 60% of cash in RGAGX"
  Assets:US:Vanguard:RGAGX                          7.555 RGAGX {47.65 USD, 2024-07-22}
  Assets:US:Vanguard:Cash                         -360.00 USD

2024-08-02 * "Employer match for contribution"
  Assets:US:Vanguard:Cash                          250.00 USD
  Income:US:Hoogle:Match401k                      -250.00 USD

2024-08-05 * "Investing 40% of cash in VBMPX"
  Assets:US:Vanguard:VBMPX                          2.115 VBMPX {94.59 USD, 2024-08-05}
  Assets:US:Vanguard:Cash                         -200.06 USD

2024-08-05 * "Investing 60% of cash in RGAGX"
  Assets:US:Vanguard:RGAGX                          6.279 RGAGX {47.78 USD, 2024-08-05}
  Assets:US:Vanguard:Cash                         -300.01 USD

2024-08-05 * "Investing 40% of cash in VBMPX"
  Assets:US:Vanguard:VBMPX                          1.057 VBMPX {94.59 USD, 2024-08-05}
  Assets:US:Vanguard:Cash                          -99.98 USD

2024-08-05 * "Investing 60% of cash in RGAGX"
  Assets:US:Vanguard:RGAGX                          3.139 RGAGX {47.78 USD, 2024-08-05}
  Assets:US:Vanguard:Cash                         -149.98 USD

2025-01-03 * "Employer match for contribution"
  Assets:US:Vanguard:Cash                          600.00 USD
  Income:US:Hoogle:Match401k                      -600.00 USD

2025-01-06 * "Investing 40% of cash in VBMPX"
  Assets:US:Vanguard:VBMPX                          4.785 VBMPX {100.32 USD, 2025-01-06}
  Assets:US:Vanguard:Cash                         -480.03 USD

2025-01-06 * "Investing 60% of cash in RGAGX"
  Assets:US:Vanguard:RGAGX                         14.024 RGAGX {51.34 USD, 2025-01-06}
  Assets:US:Vanguard:Cash                         -719.99 USD

2025-01-06 * "Investing 40% of cash in VBMPX"
  Assets:US:Vanguard:VBMPX                          2.392 VBMPX {100.32 USD, 2025-01-06}
  Assets:US:Vanguard:Cash                         -239.97 USD

2025-01-06 * "Investing 60% of cash in RGAGX"
  Assets:US:Vanguard:RGAGX                          7.012 RGAGX {51.34 USD, 2025-01-06}
  Assets:US:Vanguard:Cash                         -360.00 USD

2025-01-17 * "Employer match for contribution"
  Assets:US:Vanguard:Cash                          600.00 USD
  Income:US:Hoogle:Match401k                      -600.00 USD

2025-01-20 * "Investing 40% of cash in VBMPX"
  Assets:US:Vanguard:VBMPX                          4.789 VBMPX {100.23 USD, 2025-01-20}
  Assets:US:Vanguard:Cash                         -480.00 USD

2025-01-20 * "Investing 60% of cash in RGAGX"
  Assets:US:Vanguard:RGAGX                         13.921 RGAGX {51.72 USD, 2025-01-20}
  Assets:US:Vanguard:Cash                         -719.99 USD

2025-01-20 * "Investing 40% of cash in VBMPX"
  Assets:US:Vanguard:VBMPX                          2.395 VBMPX {100.23 USD, 2025-01-20}
  Assets:US:Vanguard:Cash                         -240.05 USD

2025-01-20 * "Investing 60% of cash in RGAGX"
  Assets:US:Vanguard:RGAGX                          6.961 RGAGX {51.72 USD, 2025-01-20}
  Assets:US:Vanguard:Cash                         -360.02 USD

2025-01-31 * "Employer match for contribution"
  Assets:US:Vanguard:Cash                          600.00 USD
  Income:US:Hoogle:Match401k                      -600.00 USD

2025-02-03 * "Investing 40% of cash in VBMPX"
  Assets:US:Vanguard:VBMPX                          4.678 VBMPX {102.61 USD, 2025-02-03}
  Assets:US:Vanguard:Cash                         -480.01 USD

2025-02-03 * "Investing 60% of cash in RGAGX"
  Assets:US:Vanguard:RGAGX                         13.727 RGAGX {52.45 USD, 2025-02-03}
  Assets:US:Vanguard:Cash                         -719.98 USD

2025-02-03 * "Investing 40% of cash in VBMPX"
  Assets:US:Vanguard:VBMPX                          2.339 VBMPX {102.61 USD, 2025-02-03}
  Assets:US:Vanguard:Cash                         -240.00 USD

2025-02-03 * "Investing 60% of cash in RGAGX"
  Assets:US:Vanguard:RGAGX                          6.863 RGAGX {52.45 USD, 2025-02-03}
  Assets:US:Vanguard:Cash                         -359.96 USD

2025-02-14 * "Employer match for contribution"
  Assets:US:Vanguard:Cash                          600.00 USD
  Income:US:Hoogle:Match401k                      -600.00 USD

2025-02-17 * "Investing 40% of cash in VBMPX"
  Assets:US:Vanguard:VBMPX                          4.580 VBMPX {104.81 USD, 2025-02-17}
  Assets:US:Vanguard:Cash                         -480.03 USD

2025-02-17 * "Investing 60% of cash in RGAGX"
  Assets:US:Vanguard:RGAGX                         13.722 RGAGX {52.47 USD, 2025-02-17}
  Assets:US:Vanguard:Cash                         -719.99 USD

2025-02-17 * "Investing 40% of cash in VBMPX"
  Assets:US:Vanguard:VBMPX                          2.290 VBMPX {104.81 USD, 2025-02-17}
  Assets:US:Vanguard:Cash                         -240.01 USD

2025-02-17 * "Investing 60% of cash in RGAGX"
  Assets:US:Vanguard:RGAGX                          6.861 RGAGX {52.47 USD, 2025-02-17}
  Assets:US:Vanguard:Cash                         -360.00 USD

2025-02-28 * "Employer match for contribution"
  Assets:US:Vanguard:Cash                          600.00 USD
  Income:US:Hoogle:Match401k                      -600.00 USD

2025-03-03 * "Investing 40% of cash in VBMPX"
  Assets:US:Vanguard:VBMPX                          4.591 VBMPX {104.56 USD, 2025-03-03}
  Assets:US:Vanguard:Cash                         -480.03 USD

2025-03-03 * "Investing 60% of cash in RGAGX"
  Assets:US:Vanguard:RGAGX                         13.969 RGAGX {51.54 USD, 2025-03-03}
  Assets:US:Vanguard:Cash                         -719.96 USD

2025-03-03 * "Investing 40% of cash in VBMPX"
  Assets:US:Vanguard:VBMPX                          2.295 VBMPX {104.56 USD, 2025-03-03}
  Assets:US:Vanguard:Cash                         -239.97 USD

2025-03-03 * "Investing 60% of cash in RGAGX"
  Assets:US:Vanguard:RGAGX                          6.985 RGAGX {51.54 USD, 2025-03-03}
  Assets:US:Vanguard:Cash                         -360.01 USD

2025-03-14 * "Employer match for contribution"
  Assets:US:Vanguard:Cash                          600.00 USD
  Income:US:Hoogle:Match401k                      -600.00 USD

2025-03-17 * "Investing 40% of cash in VBMPX"
  Assets:US:Vanguard:VBMPX                          4.675 VBMPX {102.68 USD, 2025-03-17}
  Assets:US:Vanguard:Cash                         -480.03 USD

2025-03-17 * "Investing 60% of cash in RGAGX"
  Assets:US:Vanguard:RGAGX                         14.193 RGAGX {50.73 USD, 2025-03-17}
  Assets:US:Vanguard:Cash                         -720.01 USD

2025-03-17 * "Investing 40% of cash in VBMPX"
  Assets:US:Vanguard:VBMPX                          2.337 VBMPX {102.68 USD, 2025-03-17}
  Assets:US:Vanguard:Cash                         -239.96 USD

2025-03-17 * "Investing 60% of cash in RGAGX"
  Assets:US:Vanguard:RGAGX                          7.096 RGAGX {50.73 USD, 2025-03-17}
  Assets:US:Vanguard:Cash                         -359.98 USD

2025-03-28 * "Employer match for contribution"
  Assets:US:Vanguard:Cash                          600.00 USD
  Income:US:Hoogle:Match401k                      -600.00 USD

2025-03-31 * "Investing 40% of cash in VBMPX"
  Assets:US:Vanguard:VBMPX                          4.661 VBMPX {102.98 USD, 2025-03-31}
  Assets:US:Vanguard:Cash                         -479.99 USD

2025-03-31 * "Investing 60% of cash in RGAGX"
  Assets:US:Vanguard:RGAGX                         14.146 RGAGX {50.90 USD, 2025-03-31}
  Assets:US:Vanguard:Cash                         -720.03 USD

2025-03-31 * "Investing 40% of cash in VBMPX"
  Assets:US:Vanguard:VBMPX                          2.331 VBMPX {102.98 USD, 2025-03-31}
  Assets:US:Vanguard:Cash                         -240.05 USD

2025-03-31 * "Investing 60% of cash in RGAGX"
  Assets:US:Vanguard:RGAGX                          7.073 RGAGX {50.90 USD, 2025-03-31}
  Assets:US:Vanguard:Cash                         -360.02 USD

2025-04-11 * "Employer match for contribution"
  Assets:US:Vanguard:Cash                          600.00 USD
  Income:US:Hoogle:Match401k                      -600.00 USD

2025-04-14 * "Investing 40% of cash in VBMPX"
  Assets:US:Vanguard:VBMPX                          4.707 VBMPX {101.98 USD, 2025-04-14}
  Assets:US:Vanguard:Cash                         -480.02 USD

2025-04-14 * "Investing 60% of cash in RGAGX"
  Assets:US:Vanguard:RGAGX                         14.342 RGAGX {50.20 USD, 2025-04-14}
  Assets:US:Vanguard:Cash                         -719.97 USD

2025-04-14 * "Investing 40% of cash in VBMPX"
  Assets:US:Vanguard:VBMPX                          2.353 VBMPX {101.98 USD, 2025-04-14}
  Assets:US:Vanguard:Cash                         -239.96 USD

2025-04-14 * "Investing 60% of cash in RGAGX"
  Assets:US:Vanguard:RGAGX                          7.171 RGAGX {50.20 USD, 2025-04-14}
  Assets:US:Vanguard:Cash                         -359.98 USD

2025-04-25 * "Employer match for contribution"
  Assets:US:Vanguard:Cash                          600.00 USD
  Income:US:Hoogle:Match401k                      -600.00 USD

2025-04-28 * "Investing 40% of cash in VBMPX"
  Assets:US:Vanguard:VBMPX                          4.657 VBMPX {103.07 USD, 2025-04-28}
  Assets:US:Vanguard:Cash                         -480.00 USD

2025-04-28 * "Investing 60% of cash in RGAGX"
  Assets:US:Vanguard:RGAGX                         14.286 RGAGX {50.40 USD, 2025-04-28}
  Assets:US:Vanguard:Cash                         -720.01 USD

2025-04-28 * "Investing 40% of cash in VBMPX"
  Assets:US:Vanguard:VBMPX                          2.328 VBMPX {103.07 USD, 2025-04-28}
  Assets:US:Vanguard:Cash                         -239.95 USD

2025-04-28 * "Investing 60% of cash in RGAGX"
  Assets:US:Vanguard:RGAGX                          7.143 RGAGX {50.40 USD, 2025-04-28}
  Assets:US:Vanguard:Cash                         -360.01 USD

2025-05-09 * "Employer match for contribution"
  Assets:US:Vanguard:Cash                          600.00 USD
  Income:US:Hoogle:Match401k                      -600.00 USD

2025-05-12 * "Investing 40% of cash in VBMPX"
  Assets:US:Vanguard:VBMPX                          4.704 VBMPX {102.05 USD, 2025-05-12}
  Assets:US:Vanguard:Cash                         -480.04 USD

2025-05-12 * "Investing 60% of cash in RGAGX"
  Assets:US:Vanguard:RGAGX                         14.188 RGAGX {50.75 USD, 2025-05-12}
  Assets:US:Vanguard:Cash                         -720.04 USD

2025-05-12 * "Investing 40% of cash in VBMPX"
  Assets:US:Vanguard:VBMPX                          2.352 VBMPX {102.05 USD, 2025-05-12}
  Assets:US:Vanguard:Cash                         -240.02 USD

2025-05-12 * "Investing 60% of cash in RGAGX"
  Assets:US:Vanguard:RGAGX                          7.093 RGAGX {50.75 USD, 2025-05-12}
  Assets:US:Vanguard:Cash                         -359.97 USD

2025-05-23 * "Employer match for contribution"
  Assets:US:Vanguard:Cash                          600.00 USD
  Income:US:Hoogle:Match401k                      -600.00 USD

2025-05-26 * "Investing 40% of cash in VBMPX"
  Assets:US:Vanguard:VBMPX                          4.712 VBMPX {101.86 USD, 2025-05-26}
  Assets:US:Vanguard:Cash                         -479.96 USD

2025-05-26 * "Investing 60% of cash in RGAGX"
  Assets:US:Vanguard:RGAGX                         14.251 RGAGX {50.52 USD, 2025-05-26}
  Assets:US:Vanguard:Cash                         -719.96 USD

2025-05-26 * "Investing 40% of cash in VBMPX"
  Assets:US:Vanguard:VBMPX                          2.356 VBMPX {101.86 USD, 2025-05-26}
  Assets:US:Vanguard:Cash                         -239.98 USD

2025-05-26 * "Investing 60% of cash in RGAGX"
  Assets:US:Vanguard:RGAGX                          7.126 RGAGX {50.52 USD, 2025-05-26}
  Assets:US:Vanguard:Cash                         -360.01 USD

2025-06-06 * "Employer match for contribution"
  Assets:US:Vanguard:Cash                          600.00 USD
  Income:US:Hoogle:Match401k                      -600.00 USD

2025-06-09 * "Investing 40% of cash in VBMPX"
  Assets:US:Vanguard:VBMPX                          4.674 VBMPX {102.70 USD, 2025-06-09}
  Assets:US:Vanguard:Cash                         -480.02 USD

2025-06-09 * "Investing 60% of cash in RGAGX"
  Assets:US:Vanguard:RGAGX                         14.049 RGAGX {51.25 USD, 2025-06-09}
  Assets:US:Vanguard:Cash                         -720.01 USD

2025-06-09 * "Investing 40% of cash in VBMPX"
  Assets:US:Vanguard:VBMPX                          2.337 VBMPX {102.70 USD, 2025-06-09}
  Assets:US:Vanguard:Cash                         -240.01 USD

2025-06-09 * "Investing 60% of cash in RGAGX"
  Assets:US:Vanguard:RGAGX                          7.025 RGAGX {51.25 USD, 2025-06-09}
  Assets:US:Vanguard:Cash                         -360.03 USD

2025-06-20 * "Employer match for contribution"
  Assets:US:Vanguard:Cash                          600.00 USD
  Income:US:Hoogle:Match401k                      -600.00 USD

2025-06-23 * "Investing 40% of cash in VBMPX"
  Assets:US:Vanguard:VBMPX                          4.616 VBMPX {103.99 USD, 2025-06-23}
  Assets:US:Vanguard:Cash                         -480.02 USD

2025-06-23 * "Investing 60% of cash in RGAGX"
  Assets:US:Vanguard:RGAGX                         14.308 RGAGX {50.32 USD, 2025-06-23}
  Assets:US:Vanguard:Cash                         -719.98 USD

2025-06-23 * "Investing 40% of cash in VBMPX"
  Assets:US:Vanguard:VBMPX                          2.308 VBMPX {103.99 USD, 2025-06-23}
  Assets:US:Vanguard:Cash                         -240.01 USD

2025-06-23 * "Investing 60% of cash in RGAGX"
  Assets:US:Vanguard:RGAGX                          7.154 RGAGX {50.32 USD, 2025-06-23}
  Assets:US:Vanguard:Cash                         -359.99 USD

2025-07-04 * "Employer match for contribution"
  Assets:US:Vanguard:Cash                          600.00 USD
  Income:US:Hoogle:Match401k                      -600.00 USD

2025-07-07 * "Investing 40% of cash in VBMPX"
  Assets:US:Vanguard:VBMPX                          4.714 VBMPX {101.83 USD, 2025-07-07}
  Assets:US:Vanguard:Cash                         -480.03 USD

2025-07-07 * "Investing 60% of cash in RGAGX"
  Assets:US:Vanguard:RGAGX                         14.212 RGAGX {50.66 USD, 2025-07-07}
  Assets:US:Vanguard:Cash                         -719.98 USD

2025-07-07 * "Investing 40% of cash in VBMPX"
  Assets:US:Vanguard:VBMPX                          2.357 VBMPX {101.83 USD, 2025-07-07}
  Assets:US:Vanguard:Cash                         -240.01 USD

2025-07-07 * "Investing 60% of cash in RGAGX"
  Assets:US:Vanguard:RGAGX                          7.106 RGAGX {50.66 USD, 2025-07-07}
  Assets:US:Vanguard:Cash                         -359.99 USD

2025-07-18 * "Employer match for contribution"
  Assets:US:Vanguard:Cash                          600.00 USD
  Income:US:Hoogle:Match401k                      -600.00 USD

2025-07-21 * "Investing 40% of cash in VBMPX"
  Assets:US:Vanguard:VBMPX                          4.836 VBMPX {99.25 USD, 2025-07-21}
  Assets:US:Vanguard:Cash                         -479.97 USD

2025-07-21 * "Investing 60% of cash in RGAGX"
  Assets:US:Vanguard:RGAGX                         14.112 RGAGX {51.02 USD, 2025-07-21}
  Assets:US:Vanguard:Cash                         -719.99 USD

2025-07-21 * "Investing 40% of cash in VBMPX"
  Assets:US:Vanguard:VBMPX                          2.418 VBMPX {99.25 USD, 2025-07-21}
  Assets:US:Vanguard:Cash                         -239.99 USD

2025-07-21 * "Investing 60% of cash in RGAGX"
  Assets:US:Vanguard:RGAGX                          7.056 RGAGX {51.02 USD, 2025-07-21}
  Assets:US:Vanguard:Cash                         -360.00 USD

2025-08-01 * "Employer match for contribution"
  Assets:US:Vanguard:Cash                          250.00 USD
  Income:US:Hoogle:Match401k                      -250.00 USD

2025-08-04 * "Investing 40% of cash in VBMPX"
  Assets:US:Vanguard:VBMPX                          2.015 VBMPX {99.28 USD, 2025-08-04}
  Assets:US:Vanguard:Cash                         -200.05 USD

2025-08-04 * "Investing 60% of cash in RGAGX"
  Assets:US:Vanguard:RGAGX                          5.739 RGAGX {52.28 USD, 2025-08-04}
  Assets:US:Vanguard:Cash                         -300.03 USD

2025-08-04 * "Investing 40% of cash in VBMPX"
  Assets:US:Vanguard:VBMPX                          1.007 VBMPX {99.28 USD, 2025-08-04}
  Assets:US:Vanguard:Cash                          -99.97 USD

2025-08-04 * "Investing 60% of cash in RGAGX"
  Assets:US:Vanguard:RGAGX                          2.868 RGAGX {52.28 USD, 2025-08-04}
  Assets:US:Vanguard:Cash                         -149.94 USD



* Sources of Income

2023-01-01 open Income:US:Hoogle:Salary                      USD
2023-01-01 open Income:US:Hoogle:GroupTermLife               USD
2023-01-01 open Income:US:Hoogle:Vacation                    VACHR
2023-01-01 open Assets:US:Hoogle:Vacation                    VACHR
2023-01-01 open Expenses:Vacation                               VACHR
2023-01-01 open Expenses:Health:Life:GroupTermLife
2023-01-01 open Expenses:Health:Medical:Insurance
2023-01-01 open Expenses:Health:Dental:Insurance
2023-01-01 open Expenses:Health:Vision:Insurance

2023-01-01 event "employer" "Hoogle, 1600 Amphibious Parkway, River View, CA"

2023-01-05 * "Hoogle" "Payroll"
  Assets:US:BofA:Checking                         1350.60 USD
  Assets:US:Vanguard:Cash                         1200.00 USD
  Income:US:Hoogle:Salary                        -4615.38 USD
  Income:US:Hoogle:GroupTermLife                   -24.32 USD
  Expenses:Health:Life:GroupTermLife                24.32 USD
  Expenses:Health:Dental:Insurance                   2.90 USD
  Expenses:Health:Medical:Insurance                 27.38 USD
  Expenses:Health:Vision:Insurance                  42.30 USD
  Expenses:Taxes:Y2023:US:Medicare                 106.62 USD
  Expenses:Taxes:Y2023:US:Federal                 1062.92 USD
  Expenses:Taxes:Y2023:US:State                    365.08 USD
  Expenses:Taxes:Y2023:US:CityNYC                  174.92 USD
  Expenses:Taxes:Y2023:US:SDI                        1.12 USD
  Expenses:Taxes:Y2023:US:SocSec                   281.54 USD
  Assets:US:Federal:PreTax401k                   -1200.00 IRAUSD
  Expenses:Taxes:Y2023:US:Federal:PreTax401k      1200.00 IRAUSD
  Assets:US:Hoogle:Vacation                             5 VACHR
  Income:US:Hoogle:Vacation                            -5 VACHR

2023-01-19 * "Hoogle" "Payroll"
  Assets:US:BofA:Checking                         1350.60 USD
  Assets:US:Vanguard:Cash                         1200.00 USD
  Income:US:Hoogle:Salary                        -4615.38 USD
  Income:US:Hoogle:GroupTermLife                   -24.32 USD
  Expenses:Health:Life:GroupTermLife                24.32 USD
  Expenses:Health:Dental:Insurance                   2.90 USD
  Expenses:Health:Medical:Insurance                 27.38 USD
  Expenses:Health:Vision:Insurance                  42.30 USD
  Expenses:Taxes:Y2023:US:Medicare                 106.62 USD
  Expenses:Taxes:Y2023:US:Federal                 1062.92 USD
  Expenses:Taxes:Y2023:US:State                    365.08 USD
  Expenses:Taxes:Y2023:US:CityNYC                  174.92 USD
  Expenses:Taxes:Y2023:US:SDI                        1.12 USD
  Expenses:Taxes:Y2023:US:SocSec                   281.54 USD
  Assets:US:Federal:PreTax401k                   -1200.00 IRAUSD
  Expenses:Taxes:Y2023:US:Federal:PreTax401k      1200.00 IRAUSD
  Assets:US:Hoogle:Vacation                             5 VACHR
  Income:US:Hoogle:Vacation                            -5 VACHR

2023-02-02 * "Hoogle" "Payroll"
  Assets:US:BofA:Checking                         1350.60 USD
  Assets:US:Vanguard:Cash                         1200.00 USD
  Income:US:Hoogle:Salary                        -4615.38 USD
  Income:US:Hoogle:GroupTermLife                   -24.32 USD
  Expenses:Health:Life:GroupTermLife                24.32 USD
  Expenses:Health:Dental:Insurance                   2.90 USD
  Expenses:Health:Medical:Insurance                 27.38 USD
  Expenses:Health:Vision:Insurance                  42.30 USD
  Expenses:Taxes:Y2023:US:Medicare                 106.62 USD
  Expenses:Taxes:Y2023:US:Federal                 1062.92 USD
  Expenses:Taxes:Y2023:US:State                    365.08 USD
  Expenses:Taxes:Y2023:US:CityNYC                  174.92 USD
  Expenses:Taxes:Y2023:US:SDI                        1.12 USD
  Expenses:Taxes:Y2023:US:SocSec                   281.54 USD
  Assets:US:Federal:PreTax401k                   -1200.00 IRAUSD
  Expenses:Taxes:Y2023:US:Federal:PreTax401k      1200.00 IRAUSD
  Assets:US:Hoogle:Vacation                             5 VACHR
  Income:US:Hoogle:Vacation                            -5 VACHR

2023-02-16 * "Hoogle" "Payroll"
  Assets:US:BofA:Checking                         1350.60 USD
  Assets:US:Vanguard:Cash                         1200.00 USD
  Income:US:Hoogle:Salary                        -4615.38 USD
  Income:US:Hoogle:GroupTermLife                   -24.32 USD
  Expenses:Health:Life:GroupTermLife                24.32 USD
  Expenses:Health:Dental:Insurance                   2.90 USD
  Expenses:Health:Medical:Insurance                 27.38 USD
  Expenses:Health:Vision:Insurance                  42.30 USD
  Expenses:Taxes:Y2023:US:Medicare                 106.62 USD
  Expenses:Taxes:Y2023:US:Federal                 1062.92 USD
  Expenses:Taxes:Y2023:US:State                    365.08 USD
  Expenses:Taxes:Y2023:US:CityNYC                  174.92 USD
  Expenses:Taxes:Y2023:US:SDI                        1.12 USD
  Expenses:Taxes:Y2023:US:SocSec                   281.54 USD
  Assets:US:Federal:PreTax401k                   -1200.00 IRAUSD
  Expenses:Taxes:Y2023:US:Federal:PreTax401k      1200.00 IRAUSD
  Assets:US:Hoogle:Vacation                             5 VACHR
  Income:US:Hoogle:Vacation                            -5 VACHR

2023-03-02 * "Hoogle" "Payroll"
  Assets:US:BofA:Checking                         1350.60 USD
  Assets:US:Vanguard:Cash                         1200.00 USD
  Income:US:Hoogle:Salary                        -4615.38 USD
  Income:US:Hoogle:GroupTermLife                   -24.32 USD
  Expenses:Health:Life:GroupTermLife                24.32 USD
  Expenses:Health:Dental:Insurance                   2.90 USD
  Expenses:Health:Medical:Insurance                 27.38 USD
  Expenses:Health:Vision:Insurance                  42.30 USD
  Expenses:Taxes:Y2023:US:Medicare                 106.62 USD
  Expenses:Taxes:Y2023:US:Federal                 1062.92 USD
  Expenses:Taxes:Y2023:US:State                    365.08 USD
  Expenses:Taxes:Y2023:US:CityNYC                  174.92 USD
  Expenses:Taxes:Y2023:US:SDI                        1.12 USD
  Expenses:Taxes:Y2023:US:SocSec                   281.54 USD
  Assets:US:Federal:PreTax401k                   -1200.00 IRAUSD
  Expenses:Taxes:Y2023:US:Federal:PreTax401k      1200.00 IRAUSD
  Assets:US:Hoogle:Vacation                             5 VACHR
  Income:US:Hoogle:Vacation                            -5 VACHR

2023-03-16 * "Hoogle" "Payroll"
  Assets:US:BofA:Checking                         1350.60 USD
  Assets:US:Vanguard:Cash                         1200.00 USD
  Income:US:Hoogle:Salary                        -4615.38 USD
  Income:US:Hoogle:GroupTermLife                   -24.32 USD
  Expenses:Health:Life:GroupTermLife                24.32 USD
  Expenses:Health:Dental:Insurance                   2.90 USD
  Expenses:Health:Medical:Insurance                 27.38 USD
  Expenses:Health:Vision:Insurance                  42.30 USD
  Expenses:Taxes:Y2023:US:Medicare                 106.62 USD
  Expenses:Taxes:Y2023:US:Federal                 1062.92 USD
  Expenses:Taxes:Y2023:US:State                    365.08 USD
  Expenses:Taxes:Y2023:US:CityNYC                  174.92 USD
  Expenses:Taxes:Y2023:US:SDI                        1.12 USD
  Expenses:Taxes:Y2023:US:SocSec                   281.54 USD
  Assets:US:Federal:PreTax401k                   -1200.00 IRAUSD
  Expenses:Taxes:Y2023:US:Federal:PreTax401k      1200.00 IRAUSD
  Assets:US:Hoogle:Vacation                             5 VACHR
  Income:US:Hoogle:Vacation                            -5 VACHR

2023-03-30 * "Hoogle" "Payroll"
  Assets:US:BofA:Checking                         1350.60 USD
  Assets:US:Vanguard:Cash                         1200.00 USD
  Income:US:Hoogle:Salary                        -4615.38 USD
  Income:US:Hoogle:GroupTermLife                   -24.32 USD
  Expenses:Health:Life:GroupTermLife                24.32 USD
  Expenses:Health:Dental:Insurance                   2.90 USD
  Expenses:Health:Medical:Insurance                 27.38 USD
  Expenses:Health:Vision:Insurance                  42.30 USD
  Expenses:Taxes:Y2023:US:Medicare                 106.62 USD
  Expenses:Taxes:Y2023:US:Federal                 1062.92 USD
  Expenses:Taxes:Y2023:US:State                    365.08 USD
  Expenses:Taxes:Y2023:US:CityNYC                  174.92 USD
  Expenses:Taxes:Y2023:US:SDI                        1.12 USD
  Expenses:Taxes:Y2023:US:SocSec                   281.54 USD
  Assets:US:Federal:PreTax401k                   -1200.00 IRAUSD
  Expenses:Taxes:Y2023:US:Federal:PreTax401k      1200.00 IRAUSD
  Assets:US:Hoogle:Vacation                             5 VACHR
  Income:US:Hoogle:Vacation                            -5 VACHR

2023-04-13 * "Hoogle" "Payroll"
  Assets:US:BofA:Checking                         1350.60 USD
  Assets:US:Vanguard:Cash                         1200.00 USD
  Income:US:Hoogle:Salary                        -4615.38 USD
  Income:US:Hoogle:GroupTermLife                   -24.32 USD
  Expenses:Health:Life:GroupTermLife                24.32 USD
  Expenses:Health:Dental:Insurance                   2.90 USD
  Expenses:Health:Medical:Insurance                 27.38 USD
  Expenses:Health:Vision:Insurance                  42.30 USD
  Expenses:Taxes:Y2023:US:Medicare                 106.62 USD
  Expenses:Taxes:Y2023:US:Federal                 1062.92 USD
  Expenses:Taxes:Y2023:US:State                    365.08 USD
  Expenses:Taxes:Y2023:US:CityNYC                  174.92 USD
  Expenses:Taxes:Y2023:US:SDI                        1.12 USD
  Expenses:Taxes:Y2023:US:SocSec                   281.54 USD
  Assets:US:Federal:PreTax401k                   -1200.00 IRAUSD
  Expenses:Taxes:Y2023:US:Federal:PreTax401k      1200.00 IRAUSD
  Assets:US:Hoogle:Vacation                             5 VACHR
  Income:US:Hoogle:Vacation                            -5 VACHR

2023-04-27 * "Hoogle" "Payroll"
  Assets:US:BofA:Checking                         1350.60 USD
  Assets:US:Vanguard:Cash                         1200.00 USD
  Income:US:Hoogle:Salary                        -4615.38 USD
  Income:US:Hoogle:GroupTermLife                   -24.32 USD
  Expenses:Health:Life:GroupTermLife                24.32 USD
  Expenses:Health:Dental:Insurance                   2.90 USD
  Expenses:Health:Medical:Insurance                 27.38 USD
  Expenses:Health:Vision:Insurance                  42.30 USD
  Expenses:Taxes:Y2023:US:Medicare                 106.62 USD
  Expenses:Taxes:Y2023:US:Federal                 1062.92 USD
  Expenses:Taxes:Y2023:US:State                    365.08 USD
  Expenses:Taxes:Y2023:US:CityNYC                  174.92 USD
  Expenses:Taxes:Y2023:US:SDI                        1.12 USD
  Expenses:Taxes:Y2023:US:SocSec                   281.54 USD
  Assets:US:Federal:PreTax401k                   -1200.00 IRAUSD
  Expenses:Taxes:Y2023:US:Federal:PreTax401k      1200.00 IRAUSD
  Assets:US:Hoogle:Vacation                             5 VACHR
  Income:US:Hoogle:Vacation                            -5 VACHR

2023-05-11 * "Hoogle" "Payroll"
  Assets:US:BofA:Checking                         1350.60 USD
  Assets:US:Vanguard:Cash                         1200.00 USD
  Income:US:Hoogle:Salary                        -4615.38 USD
  Income:US:Hoogle:GroupTermLife                   -24.32 USD
  Expenses:Health:Life:GroupTermLife                24.32 USD
  Expenses:Health:Dental:Insurance                   2.90 USD
  Expenses:Health:Medical:Insurance                 27.38 USD
  Expenses:Health:Vision:Insurance                  42.30 USD
  Expenses:Taxes:Y2023:US:Medicare                 106.62 USD
  Expenses:Taxes:Y2023:US:Federal                 1062.92 USD
  Expenses:Taxes:Y2023:US:State                    365.08 USD
  Expenses:Taxes:Y2023:US:CityNYC                  174.92 USD
  Expenses:Taxes:Y2023:US:SDI                        1.12 USD
  Expenses:Taxes:Y2023:US:SocSec                   281.54 USD
  Assets:US:Federal:PreTax401k                   -1200.00 IRAUSD
  Expenses:Taxes:Y2023:US:Federal:PreTax401k      1200.00 IRAUSD
  Assets:US:Hoogle:Vacation                             5 VACHR
  Income:US:Hoogle:Vacation                            -5 VACHR

2023-05-25 * "Hoogle" "Payroll"
  Assets:US:BofA:Checking                         1350.60 USD
  Assets:US:Vanguard:Cash                         1200.00 USD
  Income:US:Hoogle:Salary                        -4615.38 USD
  Income:US:Hoogle:GroupTermLife                   -24.32 USD
  Expenses:Health:Life:GroupTermLife                24.32 USD
  Expenses:Health:Dental:Insurance                   2.90 USD
  Expenses:Health:Medical:Insurance                 27.38 USD
  Expenses:Health:Vision:Insurance                  42.30 USD
  Expenses:Taxes:Y2023:US:Medicare                 106.62 USD
  Expenses:Taxes:Y2023:US:Federal                 1062.92 USD
  Expenses:Taxes:Y2023:US:State                    365.08 USD
  Expenses:Taxes:Y2023:US:CityNYC                  174.92 USD
  Expenses:Taxes:Y2023:US:SDI                        1.12 USD
  Expenses:Taxes:Y2023:US:SocSec                   281.54 USD
  Assets:US:Federal:PreTax401k                   -1200.00 IRAUSD
  Expenses:Taxes:Y2023:US:Federal:PreTax401k      1200.00 IRAUSD
  Assets:US:Hoogle:Vacation                             5 VACHR
  Income:US:Hoogle:Vacation                            -5 VACHR

2023-06-08 * "Hoogle" "Payroll"
  Assets:US:BofA:Checking                         1350.60 USD
  Assets:US:Vanguard:Cash                         1200.00 USD
  Income:US:Hoogle:Salary                        -4615.38 USD
  Income:US:Hoogle:GroupTermLife                   -24.32 USD
  Expenses:Health:Life:GroupTermLife                24.32 USD
  Expenses:Health:Dental:Insurance                   2.90 USD
  Expenses:Health:Medical:Insurance                 27.38 USD
  Expenses:Health:Vision:Insurance                  42.30 USD
  Expenses:Taxes:Y2023:US:Medicare                 106.62 USD
  Expenses:Taxes:Y2023:US:Federal                 1062.92 USD
  Expenses:Taxes:Y2023:US:State                    365.08 USD
  Expenses:Taxes:Y2023:US:CityNYC                  174.92 USD
  Expenses:Taxes:Y2023:US:SDI                        1.12 USD
  Expenses:Taxes:Y2023:US:SocSec                   281.54 USD
  Assets:US:Federal:PreTax401k                   -1200.00 IRAUSD
  Expenses:Taxes:Y2023:US:Federal:PreTax401k      1200.00 IRAUSD
  Assets:US:Hoogle:Vacation                             5 VACHR
  Income:US:Hoogle:Vacation                            -5 VACHR

2023-06-22 * "Hoogle" "Payroll"
  Assets:US:BofA:Checking                         1350.60 USD
  Assets:US:Vanguard:Cash                         1200.00 USD
  Income:US:Hoogle:Salary                        -4615.38 USD
  Income:US:Hoogle:GroupTermLife                   -24.32 USD
  Expenses:Health:Life:GroupTermLife                24.32 USD
  Expenses:Health:Dental:Insurance                   2.90 USD
  Expenses:Health:Medical:Insurance                 27.38 USD
  Expenses:Health:Vision:Insurance                  42.30 USD
  Expenses:Taxes:Y2023:US:Medicare                 106.62 USD
  Expenses:Taxes:Y2023:US:Federal                 1062.92 USD
  Expenses:Taxes:Y2023:US:State                    365.08 USD
  Expenses:Taxes:Y2023:US:CityNYC                  174.92 USD
  Expenses:Taxes:Y2023:US:SDI                        1.12 USD
  Expenses:Taxes:Y2023:US:SocSec                   281.54 USD
  Assets:US:Federal:PreTax401k                   -1200.00 IRAUSD
  Expenses:Taxes:Y2023:US:Federal:PreTax401k      1200.00 IRAUSD
  Assets:US:Hoogle:Vacation                             5 VACHR
  Income:US:Hoogle:Vacation                            -5 VACHR

2023-07-06 * "Hoogle" "Payroll"
  Assets:US:BofA:Checking                         1350.60 USD
  Assets:US:Vanguard:Cash                         1200.00 USD
  Income:US:Hoogle:Salary                        -4615.38 USD
  Income:US:Hoogle:GroupTermLife                   -24.32 USD
  Expenses:Health:Life:GroupTermLife                24.32 USD
  Expenses:Health:Dental:Insurance                   2.90 USD
  Expenses:Health:Medical:Insurance                 27.38 USD
  Expenses:Health:Vision:Insurance                  42.30 USD
  Expenses:Taxes:Y2023:US:Medicare                 106.62 USD
  Expenses:Taxes:Y2023:US:Federal                 1062.92 USD
  Expenses:Taxes:Y2023:US:State                    365.08 USD
  Expenses:Taxes:Y2023:US:CityNYC                  174.92 USD
  Expenses:Taxes:Y2023:US:SDI                        1.12 USD
  Expenses:Taxes:Y2023:US:SocSec                   281.54 USD
  Assets:US:Federal:PreTax401k                   -1200.00 IRAUSD
  Expenses:Taxes:Y2023:US:Federal:PreTax401k      1200.00 IRAUSD
  Assets:US:Hoogle:Vacation                             5 VACHR
  Income:US:Hoogle:Vacation                            -5 VACHR

2023-07-20 * "Hoogle" "Payroll"
  Assets:US:BofA:Checking                         1350.60 USD
  Assets:US:Vanguard:Cash                         1200.00 USD
  Income:US:Hoogle:Salary                        -4615.38 USD
  Income:US:Hoogle:GroupTermLife                   -24.32 USD
  Expenses:Health:Life:GroupTermLife                24.32 USD
  Expenses:Health:Dental:Insurance                   2.90 USD
  Expenses:Health:Medical:Insurance                 27.38 USD
  Expenses:Health:Vision:Insurance                  42.30 USD
  Expenses:Taxes:Y2023:US:Medicare                 106.62 USD
  Expenses:Taxes:Y2023:US:Federal                 1062.92 USD
  Expenses:Taxes:Y2023:US:State                    365.08 USD
  Expenses:Taxes:Y2023:US:CityNYC                  174.92 USD
  Expenses:Taxes:Y2023:US:SDI                        1.12 USD
  Expenses:Taxes:Y2023:US:SocSec                   281.54 USD
  Assets:US:Federal:PreTax401k                   -1200.00 IRAUSD
  Expenses:Taxes:Y2023:US:Federal:PreTax401k      1200.00 IRAUSD
  Assets:US:Hoogle:Vacation                             5 VACHR
  Income:US:Hoogle:Vacation                            -5 VACHR

2023-08-03 * "Hoogle" "Payroll"
  Assets:US:BofA:Checking                         2050.60 USD
  Assets:US:Vanguard:Cash                          500.00 USD
  Income:US:Hoogle:Salary                        -4615.38 USD
  Income:US:Hoogle:GroupTermLife                   -24.32 USD
  Expenses:Health:Life:GroupTermLife                24.32 USD
  Expenses:Health:Dental:Insurance                   2.90 USD
  Expenses:Health:Medical:Insurance                 27.38 USD
  Expenses:Health:Vision:Insurance                  42.30 USD
  Expenses:Taxes:Y2023:US:Medicare                 106.62 USD
  Expenses:Taxes:Y2023:US:Federal                 1062.92 USD
  Expenses:Taxes:Y2023:US:State                    365.08 USD
  Expenses:Taxes:Y2023:US:CityNYC                  174.92 USD
  Expenses:Taxes:Y2023:US:SDI                        1.12 USD
  Expenses:Taxes:Y2023:US:SocSec                   281.54 USD
  Assets:US:Federal:PreTax401k                    -500.00 IRAUSD
  Expenses:Taxes:Y2023:US:Federal:PreTax401k       500.00 IRAUSD
  Assets:US:Hoogle:Vacation                             5 VACHR
  Income:US:Hoogle:Vacation                            -5 VACHR

2023-08-17 * "Hoogle" "Payroll"
  Assets:US:BofA:Checking                         2550.60 USD
  Income:US:Hoogle:Salary                        -4615.38 USD
  Income:US:Hoogle:GroupTermLife                   -24.32 USD
  Expenses:Health:Life:GroupTermLife                24.32 USD
  Expenses:Health:Dental:Insurance                   2.90 USD
  Expenses:Health:Medical:Insurance                 27.38 USD
  Expenses:Health:Vision:Insurance                  42.30 USD
  Expenses:Taxes:Y2023:US:Medicare                 106.62 USD
  Expenses:Taxes:Y2023:US:Federal                 1062.92 USD
  Expenses:Taxes:Y2023:US:State                    365.08 USD
  Expenses:Taxes:Y2023:US:CityNYC                  174.92 USD
  Expenses:Taxes:Y2023:US:SDI                        1.12 USD
  Expenses:Taxes:Y2023:US:SocSec                   281.54 USD
  Assets:US:Hoogle:Vacation                             5 VACHR
  Income:US:Hoogle:Vacation                            -5 VACHR

2023-08-31 * "Hoogle" "Payroll"
  Assets:US:BofA:Checking                         2550.60 USD
  Income:US:Hoogle:Salary                        -4615.38 USD
  Income:US:Hoogle:GroupTermLife                   -24.32 USD
  Expenses:Health:Life:GroupTermLife                24.32 USD
  Expenses:Health:Dental:Insurance                   2.90 USD
  Expenses:Health:Medical:Insurance                 27.38 USD
  Expenses:Health:Vision:Insurance                  42.30 USD
  Expenses:Taxes:Y2023:US:Medicare                 106.62 USD
  Expenses:Taxes:Y2023:US:Federal                 1062.92 USD
  Expenses:Taxes:Y2023:US:State                    365.08 USD
  Expenses:Taxes:Y2023:US:CityNYC                  174.92 USD
  Expenses:Taxes:Y2023:US:SDI                        1.12 USD
  Expenses:Taxes:Y2023:US:SocSec                   281.54 USD
  Assets:US:Hoogle:Vacation                             5 VACHR
  Income:US:Hoogle:Vacation                            -5 VACHR

2023-09-14 * "Hoogle" "Payroll"
  Assets:US:BofA:Checking                         2550.60 USD
  Income:US:Hoogle:Salary                        -4615.38 USD
  Income:US:Hoogle:GroupTermLife                   -24.32 USD
  Expenses:Health:Life:GroupTermLife                24.32 USD
  Expenses:Health:Dental:Insurance                   2.90 USD
  Expenses:Health:Medical:Insurance                 27.38 USD
  Expenses:Health:Vision:Insurance                  42.30 USD
  Expenses:Taxes:Y2023:US:Medicare                 106.62 USD
  Expenses:Taxes:Y2023:US:Federal                 1062.92 USD
  Expenses:Taxes:Y2023:US:State                    365.08 USD
  Expenses:Taxes:Y2023:US:CityNYC                  174.92 USD
  Expenses:Taxes:Y2023:US:SDI                        1.12 USD
  Expenses:Taxes:Y2023:US:SocSec                   281.54 USD
  Assets:US:Hoogle:Vacation                             5 VACHR
  Income:US:Hoogle:Vacation                            -5 VACHR

2023-09-28 * "Hoogle" "Payroll"
  Assets:US:BofA:Checking                         2550.60 USD
  Income:US:Hoogle:Salary                        -4615.38 USD
  Income:US:Hoogle:GroupTermLife                   -24.32 USD
  Expenses:Health:Life:GroupTermLife                24.32 USD
  Expenses:Health:Dental:Insurance                   2.90 USD
  Expenses:Health:Medical:Insurance                 27.38 USD
  Expenses:Health:Vision:Insurance                  42.30 USD
  Expenses:Taxes:Y2023:US:Medicare                 106.62 USD
  Expenses:Taxes:Y2023:US:Federal                 1062.92 USD
  Expenses:Taxes:Y2023:US:State                    365.08 USD
  Expenses:Taxes:Y2023:US:CityNYC                  174.92 USD
  Expenses:Taxes:Y2023:US:SDI                        1.12 USD
  Expenses:Taxes:Y2023:US:SocSec                   281.54 USD
  Assets:US:Hoogle:Vacation                             5 VACHR
  Income:US:Hoogle:Vacation                            -5 VACHR

2023-10-12 * "Hoogle" "Payroll"
  Assets:US:BofA:Checking                         2550.60 USD
  Income:US:Hoogle:Salary                        -4615.38 USD
  Income:US:Hoogle:GroupTermLife                   -24.32 USD
  Expenses:Health:Life:GroupTermLife                24.32 USD
  Expenses:Health:Dental:Insurance                   2.90 USD
  Expenses:Health:Medical:Insurance                 27.38 USD
  Expenses:Health:Vision:Insurance                  42.30 USD
  Expenses:Taxes:Y2023:US:Medicare                 106.62 USD
  Expenses:Taxes:Y2023:US:Federal                 1062.92 USD
  Expenses:Taxes:Y2023:US:State                    365.08 USD
  Expenses:Taxes:Y2023:US:CityNYC                  174.92 USD
  Expenses:Taxes:Y2023:US:SDI                        1.12 USD
  Expenses:Taxes:Y2023:US:SocSec                   281.54 USD
  Assets:US:Hoogle:Vacation                             5 VACHR
  Income:US:Hoogle:Vacation                            -5 VACHR

2023-10-26 * "Hoogle" "Payroll"
  Assets:US:BofA:Checking                         2550.60 USD
  Income:US:Hoogle:Salary                        -4615.38 USD
  Income:US:Hoogle:GroupTermLife                   -24.32 USD
  Expenses:Health:Life:GroupTermLife                24.32 USD
  Expenses:Health:Dental:Insurance                   2.90 USD
  Expenses:Health:Medical:Insurance                 27.38 USD
  Expenses:Health:Vision:Insurance                  42.30 USD
  Expenses:Taxes:Y2023:US:Medicare                 106.62 USD
  Expenses:Taxes:Y2023:US:Federal                 1062.92 USD
  Expenses:Taxes:Y2023:US:State                    365.08 USD
  Expenses:Taxes:Y2023:US:CityNYC                  174.92 USD
  Expenses:Taxes:Y2023:US:SDI                        1.12 USD
  Expenses:Taxes:Y2023:US:SocSec                   281.54 USD
  Assets:US:Hoogle:Vacation                             5 VACHR
  Income:US:Hoogle:Vacation                            -5 VACHR

2023-11-09 * "Hoogle" "Payroll"
  Assets:US:BofA:Checking                         2550.60 USD
  Income:US:Hoogle:Salary                        -4615.38 USD
  Income:US:Hoogle:GroupTermLife                   -24.32 USD
  Expenses:Health:Life:GroupTermLife                24.32 USD
  Expenses:Health:Dental:Insurance                   2.90 USD
  Expenses:Health:Medical:Insurance                 27.38 USD
  Expenses:Health:Vision:Insurance                  42.30 USD
  Expenses:Taxes:Y2023:US:Medicare                 106.62 USD
  Expenses:Taxes:Y2023:US:Federal                 1062.92 USD
  Expenses:Taxes:Y2023:US:State                    365.08 USD
  Expenses:Taxes:Y2023:US:CityNYC                  174.92 USD
  Expenses:Taxes:Y2023:US:SDI                        1.12 USD
  Expenses:Taxes:Y2023:US:SocSec                   281.54 USD
  Assets:US:Hoogle:Vacation                             5 VACHR
  Income:US:Hoogle:Vacation                            -5 VACHR

2023-11-23 * "Hoogle" "Payroll"
  Assets:US:BofA:Checking                         2550.60 USD
  Income:US:Hoogle:Salary                        -4615.38 USD
  Income:US:Hoogle:GroupTermLife                   -24.32 USD
  Expenses:Health:Life:GroupTermLife                24.32 USD
  Expenses:Health:Dental:Insurance                   2.90 USD
  Expenses:Health:Medical:Insurance                 27.38 USD
  Expenses:Health:Vision:Insurance                  42.30 USD
  Expenses:Taxes:Y2023:US:Medicare                 106.62 USD
  Expenses:Taxes:Y2023:US:Federal                 1062.92 USD
  Expenses:Taxes:Y2023:US:State                    365.08 USD
  Expenses:Taxes:Y2023:US:CityNYC                  174.92 USD
  Expenses:Taxes:Y2023:US:SDI                        1.12 USD
  Expenses:Taxes:Y2023:US:SocSec                   281.54 USD
  Assets:US:Hoogle:Vacation                             5 VACHR
  Income:US:Hoogle:Vacation                            -5 VACHR

2023-12-07 * "Hoogle" "Payroll"
  Assets:US:BofA:Checking                         2589.06 USD
  Income:US:Hoogle:Salary                        -4615.38 USD
  Income:US:Hoogle:GroupTermLife                   -24.32 USD
  Expenses:Health:Life:GroupTermLife                24.32 USD
  Expenses:Health:Dental:Insurance                   2.90 USD
  Expenses:Health:Medical:Insurance                 27.38 USD
  Expenses:Health:Vision:Insurance                  42.30 USD
  Expenses:Taxes:Y2023:US:Medicare                 106.62 USD
  Expenses:Taxes:Y2023:US:Federal                 1062.92 USD
  Expenses:Taxes:Y2023:US:State                    365.08 USD
  Expenses:Taxes:Y2023:US:CityNYC                  174.92 USD
  Expenses:Taxes:Y2023:US:SDI                        1.12 USD
  Expenses:Taxes:Y2023:US:SocSec                   243.08 USD
  Assets:US:Hoogle:Vacation                             5 VACHR
  Income:US:Hoogle:Vacation                            -5 VACHR

2023-12-21 * "Hoogle" "Payroll"
  Assets:US:BofA:Checking                         2832.14 USD
  Income:US:Hoogle:Salary                        -4615.38 USD
  Income:US:Hoogle:GroupTermLife                   -24.32 USD
  Expenses:Health:Life:GroupTermLife                24.32 USD
  Expenses:Health:Dental:Insurance                   2.90 USD
  Expenses:Health:Medical:Insurance                 27.38 USD
  Expenses:Health:Vision:Insurance                  42.30 USD
  Expenses:Taxes:Y2023:US:Medicare                 106.62 USD
  Expenses:Taxes:Y2023:US:Federal                 1062.92 USD
  Expenses:Taxes:Y2023:US:State                    365.08 USD
  Expenses:Taxes:Y2023:US:CityNYC                  174.92 USD
  Expenses:Taxes:Y2023:US:SDI                        1.12 USD
  Expenses:Taxes:Y2023:US:SocSec                     0.00 USD
  Assets:US:Hoogle:Vacation                             5 VACHR
  Income:US:Hoogle:Vacation                            -5 VACHR

2024-01-04 * "Hoogle" "Payroll"
  Assets:US:BofA:Checking                         1350.60 USD
  Assets:US:Vanguard:Cash                         1200.00 USD
  Income:US:Hoogle:Salary                        -4615.38 USD
  Income:US:Hoogle:GroupTermLife                   -24.32 USD
  Expenses:Health:Life:GroupTermLife                24.32 USD
  Expenses:Health:Dental:Insurance                   2.90 USD
  Expenses:Health:Medical:Insurance                 27.38 USD
  Expenses:Health:Vision:Insurance                  42.30 USD
  Expenses:Taxes:Y2024:US:Medicare                 106.62 USD
  Expenses:Taxes:Y2024:US:Federal                 1062.92 USD
  Expenses:Taxes:Y2024:US:State                    365.08 USD
  Expenses:Taxes:Y2024:US:CityNYC                  174.92 USD
  Expenses:Taxes:Y2024:US:SDI                        1.12 USD
  Expenses:Taxes:Y2024:US:SocSec                   281.54 USD
  Assets:US:Federal:PreTax401k                   -1200.00 IRAUSD
  Expenses:Taxes:Y2024:US:Federal:PreTax401k      1200.00 IRAUSD
  Assets:US:Hoogle:Vacation                             5 VACHR
  Income:US:Hoogle:Vacation                            -5 VACHR

2024-01-18 * "Hoogle" "Payroll"
  Assets:US:BofA:Checking                         1350.60 USD
  Assets:US:Vanguard:Cash                         1200.00 USD
  Income:US:Hoogle:Salary                        -4615.38 USD
  Income:US:Hoogle:GroupTermLife                   -24.32 USD
  Expenses:Health:Life:GroupTermLife                24.32 USD
  Expenses:Health:Dental:Insurance                   2.90 USD
  Expenses:Health:Medical:Insurance                 27.38 USD
  Expenses:Health:Vision:Insurance                  42.30 USD
  Expenses:Taxes:Y2024:US:Medicare                 106.62 USD
  Expenses:Taxes:Y2024:US:Federal                 1062.92 USD
  Expenses:Taxes:Y2024:US:State                    365.08 USD
  Expenses:Taxes:Y2024:US:CityNYC                  174.92 USD
  Expenses:Taxes:Y2024:US:SDI                        1.12 USD
  Expenses:Taxes:Y2024:US:SocSec                   281.54 USD
  Assets:US:Federal:PreTax401k                   -1200.00 IRAUSD
  Expenses:Taxes:Y2024:US:Federal:PreTax401k      1200.00 IRAUSD
  Assets:US:Hoogle:Vacation                             5 VACHR
  Income:US:Hoogle:Vacation                            -5 VACHR

2024-02-01 * "Hoogle" "Payroll"
  Assets:US:BofA:Checking                         1350.60 USD
  Assets:US:Vanguard:Cash                         1200.00 USD
  Income:US:Hoogle:Salary                        -4615.38 USD
  Income:US:Hoogle:GroupTermLife                   -24.32 USD
  Expenses:Health:Life:GroupTermLife                24.32 USD
  Expenses:Health:Dental:Insurance                   2.90 USD
  Expenses:Health:Medical:Insurance                 27.38 USD
  Expenses:Health:Vision:Insurance                  42.30 USD
  Expenses:Taxes:Y2024:US:Medicare                 106.62 USD
  Expenses:Taxes:Y2024:US:Federal                 1062.92 USD
  Expenses:Taxes:Y2024:US:State                    365.08 USD
  Expenses:Taxes:Y2024:US:CityNYC                  174.92 USD
  Expenses:Taxes:Y2024:US:SDI                        1.12 USD
  Expenses:Taxes:Y2024:US:SocSec                   281.54 USD
  Assets:US:Federal:PreTax401k                   -1200.00 IRAUSD
  Expenses:Taxes:Y2024:US:Federal:PreTax401k      1200.00 IRAUSD
  Assets:US:Hoogle:Vacation                             5 VACHR
  Income:US:Hoogle:Vacation                            -5 VACHR

2024-02-15 * "Hoogle" "Payroll"
  Assets:US:BofA:Checking                         1350.60 USD
  Assets:US:Vanguard:Cash                         1200.00 USD
  Income:US:Hoogle:Salary                        -4615.38 USD
  Income:US:Hoogle:GroupTermLife                   -24.32 USD
  Expenses:Health:Life:GroupTermLife                24.32 USD
  Expenses:Health:Dental:Insurance                   2.90 USD
  Expenses:Health:Medical:Insurance                 27.38 USD
  Expenses:Health:Vision:Insurance                  42.30 USD
  Expenses:Taxes:Y2024:US:Medicare                 106.62 USD
  Expenses:Taxes:Y2024:US:Federal                 1062.92 USD
  Expenses:Taxes:Y2024:US:State                    365.08 USD
  Expenses:Taxes:Y2024:US:CityNYC                  174.92 USD
  Expenses:Taxes:Y2024:US:SDI                        1.12 USD
  Expenses:Taxes:Y2024:US:SocSec                   281.54 USD
  Assets:US:Federal:PreTax401k                   -1200.00 IRAUSD
  Expenses:Taxes:Y2024:US:Federal:PreTax401k      1200.00 IRAUSD
  Assets:US:Hoogle:Vacation                             5 VACHR
  Income:US:Hoogle:Vacation                            -5 VACHR

2024-02-29 * "Hoogle" "Payroll"
  Assets:US:BofA:Checking                         1350.60 USD
  Assets:US:Vanguard:Cash                         1200.00 USD
  Income:US:Hoogle:Salary                        -4615.38 USD
  Income:US:Hoogle:GroupTermLife                   -24.32 USD
  Expenses:Health:Life:GroupTermLife                24.32 USD
  Expenses:Health:Dental:Insurance                   2.90 USD
  Expenses:Health:Medical:Insurance                 27.38 USD
  Expenses:Health:Vision:Insurance                  42.30 USD
  Expenses:Taxes:Y2024:US:Medicare                 106.62 USD
  Expenses:Taxes:Y2024:US:Federal                 1062.92 USD
  Expenses:Taxes:Y2024:US:State                    365.08 USD
  Expenses:Taxes:Y2024:US:CityNYC                  174.92 USD
  Expenses:Taxes:Y2024:US:SDI                        1.12 USD
  Expenses:Taxes:Y2024:US:SocSec                   281.54 USD
  Assets:US:Federal:PreTax401k                   -1200.00 IRAUSD
  Expenses:Taxes:Y2024:US:Federal:PreTax401k      1200.00 IRAUSD
  Assets:US:Hoogle:Vacation                             5 VACHR
  Income:US:Hoogle:Vacation                            -5 VACHR

2024-03-14 * "Hoogle" "Payroll"
  Assets:US:BofA:Checking                         1350.60 USD
  Assets:US:Vanguard:Cash                         1200.00 USD
  Income:US:Hoogle:Salary                        -4615.38 USD
  Income:US:Hoogle:GroupTermLife                   -24.32 USD
  Expenses:Health:Life:GroupTermLife                24.32 USD
  Expenses:Health:Dental:Insurance                   2.90 USD
  Expenses:Health:Medical:Insurance                 27.38 USD
  Expenses:Health:Vision:Insurance                  42.30 USD
  Expenses:Taxes:Y2024:US:Medicare                 106.62 USD
  Expenses:Taxes:Y2024:US:Federal                 1062.92 USD
  Expenses:Taxes:Y2024:US:State                    365.08 USD
  Expenses:Taxes:Y2024:US:CityNYC                  174.92 USD
  Expenses:Taxes:Y2024:US:SDI                        1.12 USD
  Expenses:Taxes:Y2024:US:SocSec                   281.54 USD
  Assets:US:Federal:PreTax401k                   -1200.00 IRAUSD
  Expenses:Taxes:Y2024:US:Federal:PreTax401k      1200.00 IRAUSD
  Assets:US:Hoogle:Vacation                             5 VACHR
  Income:US:Hoogle:Vacation                            -5 VACHR

2024-03-28 * "Hoogle" "Payroll"
  Assets:US:BofA:Checking                         1350.60 USD
  Assets:US:Vanguard:Cash                         1200.00 USD
  Income:US:Hoogle:Salary                        -4615.38 USD
  Income:US:Hoogle:GroupTermLife                   -24.32 USD
  Expenses:Health:Life:GroupTermLife                24.32 USD
  Expenses:Health:Dental:Insurance                   2.90 USD
  Expenses:Health:Medical:Insurance                 27.38 USD
  Expenses:Health:Vision:Insurance                  42.30 USD
  Expenses:Taxes:Y2024:US:Medicare                 106.62 USD
  Expenses:Taxes:Y2024:US:Federal                 1062.92 USD
  Expenses:Taxes:Y2024:US:State                    365.08 USD
  Expenses:Taxes:Y2024:US:CityNYC                  174.92 USD
  Expenses:Taxes:Y2024:US:SDI                        1.12 USD
  Expenses:Taxes:Y2024:US:SocSec                   281.54 USD
  Assets:US:Federal:PreTax401k                   -1200.00 IRAUSD
  Expenses:Taxes:Y2024:US:Federal:PreTax401k      1200.00 IRAUSD
  Assets:US:Hoogle:Vacation                             5 VACHR
  Income:US:Hoogle:Vacation                            -5 VACHR

2024-04-11 * "Hoogle" "Payroll"
  Assets:US:BofA:Checking                         1350.60 USD
  Assets:US:Vanguard:Cash                         1200.00 USD
  Income:US:Hoogle:Salary                        -4615.38 USD
  Income:US:Hoogle:GroupTermLife                   -24.32 USD
  Expenses:Health:Life:GroupTermLife                24.32 USD
  Expenses:Health:Dental:Insurance                   2.90 USD
  Expenses:Health:Medical:Insurance                 27.38 USD
  Expenses:Health:Vision:Insurance                  42.30 USD
  Expenses:Taxes:Y2024:US:Medicare                 106.62 USD
  Expenses:Taxes:Y2024:US:Federal                 1062.92 USD
  Expenses:Taxes:Y2024:US:State                    365.08 USD
  Expenses:Taxes:Y2024:US:CityNYC                  174.92 USD
  Expenses:Taxes:Y2024:US:SDI                        1.12 USD
  Expenses:Taxes:Y2024:US:SocSec                   281.54 USD
  Assets:US:Federal:PreTax401k                   -1200.00 IRAUSD
  Expenses:Taxes:Y2024:US:Federal:PreTax401k      1200.00 IRAUSD
  Assets:US:Hoogle:Vacation                             5 VACHR
  Income:US:Hoogle:Vacation                            -5 VACHR

2024-04-25 * "Hoogle" "Payroll"
  Assets:US:BofA:Checking                         1350.60 USD
  Assets:US:Vanguard:Cash                         1200.00 USD
  Income:US:Hoogle:Salary                        -4615.38 USD
  Income:US:Hoogle:GroupTermLife                   -24.32 USD
  Expenses:Health:Life:GroupTermLife                24.32 USD
  Expenses:Health:Dental:Insurance                   2.90 USD
  Expenses:Health:Medical:Insurance                 27.38 USD
  Expenses:Health:Vision:Insurance                  42.30 USD
  Expenses:Taxes:Y2024:US:Medicare                 106.62 USD
  Expenses:Taxes:Y2024:US:Federal                 1062.92 USD
  Expenses:Taxes:Y2024:US:State                    365.08 USD
  Expenses:Taxes:Y2024:US:CityNYC                  174.92 USD
  Expenses:Taxes:Y2024:US:SDI                        1.12 USD
  Expenses:Taxes:Y2024:US:SocSec                   281.54 USD
  Assets:US:Federal:PreTax401k                   -1200.00 IRAUSD
  Expenses:Taxes:Y2024:US:Federal:PreTax401k      1200.00 IRAUSD
  Assets:US:Hoogle:Vacation                             5 VACHR
  Income:US:Hoogle:Vacation                            -5 VACHR

2024-05-09 * "Hoogle" "Payroll"
  Assets:US:BofA:Checking                         1350.60 USD
  Assets:US:Vanguard:Cash                         1200.00 USD
  Income:US:Hoogle:Salary                        -4615.38 USD
  Income:US:Hoogle:GroupTermLife                   -24.32 USD
  Expenses:Health:Life:GroupTermLife                24.32 USD
  Expenses:Health:Dental:Insurance                   2.90 USD
  Expenses:Health:Medical:Insurance                 27.38 USD
  Expenses:Health:Vision:Insurance                  42.30 USD
  Expenses:Taxes:Y2024:US:Medicare                 106.62 USD
  Expenses:Taxes:Y2024:US:Federal                 1062.92 USD
  Expenses:Taxes:Y2024:US:State                    365.08 USD
  Expenses:Taxes:Y2024:US:CityNYC                  174.92 USD
  Expenses:Taxes:Y2024:US:SDI                        1.12 USD
  Expenses:Taxes:Y2024:US:SocSec                   281.54 USD
  Assets:US:Federal:PreTax401k                   -1200.00 IRAUSD
  Expenses:Taxes:Y2024:US:Federal:PreTax401k      1200.00 IRAUSD
  Assets:US:Hoogle:Vacation                             5 VACHR
  Income:US:Hoogle:Vacation                            -5 VACHR

2024-05-23 * "Hoogle" "Payroll"
  Assets:US:BofA:Checking                         1350.60 USD
  Assets:US:Vanguard:Cash                         1200.00 USD
  Income:US:Hoogle:Salary                        -4615.38 USD
  Income:US:Hoogle:GroupTermLife                   -24.32 USD
  Expenses:Health:Life:GroupTermLife                24.32 USD
  Expenses:Health:Dental:Insurance                   2.90 USD
  Expenses:Health:Medical:Insurance                 27.38 USD
  Expenses:Health:Vision:Insurance                  42.30 USD
  Expenses:Taxes:Y2024:US:Medicare                 106.62 USD
  Expenses:Taxes:Y2024:US:Federal                 1062.92 USD
  Expenses:Taxes:Y2024:US:State                    365.08 USD
  Expenses:Taxes:Y2024:US:CityNYC                  174.92 USD
  Expenses:Taxes:Y2024:US:SDI                        1.12 USD
  Expenses:Taxes:Y2024:US:SocSec                   281.54 USD
  Assets:US:Federal:PreTax401k                   -1200.00 IRAUSD
  Expenses:Taxes:Y2024:US:Federal:PreTax401k      1200.00 IRAUSD
  Assets:US:Hoogle:Vacation                             5 VACHR
  Income:US:Hoogle:Vacation                            -5 VACHR

2024-06-06 * "Hoogle" "Payroll"
  Assets:US:BofA:Checking                         1350.60 USD
  Assets:US:Vanguard:Cash                         1200.00 USD
  Income:US:Hoogle:Salary                        -4615.38 USD
  Income:US:Hoogle:GroupTermLife                   -24.32 USD
  Expenses:Health:Life:GroupTermLife                24.32 USD
  Expenses:Health:Dental:Insurance                   2.90 USD
  Expenses:Health:Medical:Insurance                 27.38 USD
  Expenses:Health:Vision:Insurance                  42.30 USD
  Expenses:Taxes:Y2024:US:Medicare                 106.62 USD
  Expenses:Taxes:Y2024:US:Federal                 1062.92 USD
  Expenses:Taxes:Y2024:US:State                    365.08 USD
  Expenses:Taxes:Y2024:US:CityNYC                  174.92 USD
  Expenses:Taxes:Y2024:US:SDI                        1.12 USD
  Expenses:Taxes:Y2024:US:SocSec                   281.54 USD
  Assets:US:Federal:PreTax401k                   -1200.00 IRAUSD
  Expenses:Taxes:Y2024:US:Federal:PreTax401k      1200.00 IRAUSD
  Assets:US:Hoogle:Vacation                             5 VACHR
  Income:US:Hoogle:Vacation                            -5 VACHR

2024-06-20 * "Hoogle" "Payroll"
  Assets:US:BofA:Checking                         1350.60 USD
  Assets:US:Vanguard:Cash                         1200.00 USD
  Income:US:Hoogle:Salary                        -4615.38 USD
  Income:US:Hoogle:GroupTermLife                   -24.32 USD
  Expenses:Health:Life:GroupTermLife                24.32 USD
  Expenses:Health:Dental:Insurance                   2.90 USD
  Expenses:Health:Medical:Insurance                 27.38 USD
  Expenses:Health:Vision:Insurance                  42.30 USD
  Expenses:Taxes:Y2024:US:Medicare                 106.62 USD
  Expenses:Taxes:Y2024:US:Federal                 1062.92 USD
  Expenses:Taxes:Y2024:US:State                    365.08 USD
  Expenses:Taxes:Y2024:US:CityNYC                  174.92 USD
  Expenses:Taxes:Y2024:US:SDI                        1.12 USD
  Expenses:Taxes:Y2024:US:SocSec                   281.54 USD
  Assets:US:Federal:PreTax401k                   -1200.00 IRAUSD
  Expenses:Taxes:Y2024:US:Federal:PreTax401k      1200.00 IRAUSD
  Assets:US:Hoogle:Vacation                             5 VACHR
  Income:US:Hoogle:Vacation                            -5 VACHR

2024-07-04 * "Hoogle" "Payroll"
  Assets:US:BofA:Checking                         1350.60 USD
  Assets:US:Vanguard:Cash                         1200.00 USD
  Income:US:Hoogle:Salary                        -4615.38 USD
  Income:US:Hoogle:GroupTermLife                   -24.32 USD
  Expenses:Health:Life:GroupTermLife                24.32 USD
  Expenses:Health:Dental:Insurance                   2.90 USD
  Expenses:Health:Medical:Insurance                 27.38 USD
  Expenses:Health:Vision:Insurance                  42.30 USD
  Expenses:Taxes:Y2024:US:Medicare                 106.62 USD
  Expenses:Taxes:Y2024:US:Federal                 1062.92 USD
  Expenses:Taxes:Y2024:US:State                    365.08 USD
  Expenses:Taxes:Y2024:US:CityNYC                  174.92 USD
  Expenses:Taxes:Y2024:US:SDI                        1.12 USD
  Expenses:Taxes:Y2024:US:SocSec                   281.54 USD
  Assets:US:Federal:PreTax401k                   -1200.00 IRAUSD
  Expenses:Taxes:Y2024:US:Federal:PreTax401k      1200.00 IRAUSD
  Assets:US:Hoogle:Vacation                             5 VACHR
  Income:US:Hoogle:Vacation                            -5 VACHR

2024-07-18 * "Hoogle" "Payroll"
  Assets:US:BofA:Checking                         1350.60 USD
  Assets:US:Vanguard:Cash                         1200.00 USD
  Income:US:Hoogle:Salary                        -4615.38 USD
  Income:US:Hoogle:GroupTermLife                   -24.32 USD
  Expenses:Health:Life:GroupTermLife                24.32 USD
  Expenses:Health:Dental:Insurance                   2.90 USD
  Expenses:Health:Medical:Insurance                 27.38 USD
  Expenses:Health:Vision:Insurance                  42.30 USD
  Expenses:Taxes:Y2024:US:Medicare                 106.62 USD
  Expenses:Taxes:Y2024:US:Federal                 1062.92 USD
  Expenses:Taxes:Y2024:US:State                    365.08 USD
  Expenses:Taxes:Y2024:US:CityNYC                  174.92 USD
  Expenses:Taxes:Y2024:US:SDI                        1.12 USD
  Expenses:Taxes:Y2024:US:SocSec                   281.54 USD
  Assets:US:Federal:PreTax401k                   -1200.00 IRAUSD
  Expenses:Taxes:Y2024:US:Federal:PreTax401k      1200.00 IRAUSD
  Assets:US:Hoogle:Vacation                             5 VACHR
  Income:US:Hoogle:Vacation                            -5 VACHR

2024-08-01 * "Hoogle" "Payroll"
  Assets:US:BofA:Checking                         2050.60 USD
  Assets:US:Vanguard:Cash                          500.00 USD
  Income:US:Hoogle:Salary                        -4615.38 USD
  Income:US:Hoogle:GroupTermLife                   -24.32 USD
  Expenses:Health:Life:GroupTermLife                24.32 USD
  Expenses:Health:Dental:Insurance                   2.90 USD
  Expenses:Health:Medical:Insurance                 27.38 USD
  Expenses:Health:Vision:Insurance                  42.30 USD
  Expenses:Taxes:Y2024:US:Medicare                 106.62 USD
  Expenses:Taxes:Y2024:US:Federal                 1062.92 USD
  Expenses:Taxes:Y2024:US:State                    365.08 USD
  Expenses:Taxes:Y2024:US:CityNYC                  174.92 USD
  Expenses:Taxes:Y2024:US:SDI                        1.12 USD
  Expenses:Taxes:Y2024:US:SocSec                   281.54 USD
  Assets:US:Federal:PreTax401k                    -500.00 IRAUSD
  Expenses:Taxes:Y2024:US:Federal:PreTax401k       500.00 IRAUSD
  Assets:US:Hoogle:Vacation                             5 VACHR
  Income:US:Hoogle:Vacation                            -5 VACHR

2024-08-15 * "Hoogle" "Payroll"
  Assets:US:BofA:Checking                         2550.60 USD
  Income:US:Hoogle:Salary                        -4615.38 USD
  Income:US:Hoogle:GroupTermLife                   -24.32 USD
  Expenses:Health:Life:GroupTermLife                24.32 USD
  Expenses:Health:Dental:Insurance                   2.90 USD
  Expenses:Health:Medical:Insurance                 27.38 USD
  Expenses:Health:Vision:Insurance                  42.30 USD
  Expenses:Taxes:Y2024:US:Medicare                 106.62 USD
  Expenses:Taxes:Y2024:US:Federal                 1062.92 USD
  Expenses:Taxes:Y2024:US:State                    365.08 USD
  Expenses:Taxes:Y2024:US:CityNYC                  174.92 USD
  Expenses:Taxes:Y2024:US:SDI                        1.12 USD
  Expenses:Taxes:Y2024:US:SocSec                   281.54 USD
  Assets:US:Hoogle:Vacation                             5 VACHR
  Income:US:Hoogle:Vacation                            -5 VACHR

2024-08-29 * "Hoogle" "Payroll"
  Assets:US:BofA:Checking                         2550.60 USD
  Income:US:Hoogle:Salary                        -4615.38 USD
  Income:US:Hoogle:GroupTermLife                   -24.32 USD
  Expenses:Health:Life:GroupTermLife                24.32 USD
  Expenses:Health:Dental:Insurance                   2.90 USD
  Expenses:Health:Medical:Insurance                 27.38 USD
  Expenses:Health:Vision:Insurance                  42.30 USD
  Expenses:Taxes:Y2024:US:Medicare                 106.62 USD
  Expenses:Taxes:Y2024:US:Federal                 1062.92 USD
  Expenses:Taxes:Y2024:US:State                    365.08 USD
  Expenses:Taxes:Y2024:US:CityNYC                  174.92 USD
  Expenses:Taxes:Y2024:US:SDI                        1.12 USD
  Expenses:Taxes:Y2024:US:SocSec                   281.54 USD
  Assets:US:Hoogle:Vacation                             5 VACHR
  Income:US:Hoogle:Vacation                            -5 VACHR

2024-09-12 * "Hoogle" "Payroll"
  Assets:US:BofA:Checking                         2550.60 USD
  Income:US:Hoogle:Salary                        -4615.38 USD
  Income:US:Hoogle:GroupTermLife                   -24.32 USD
  Expenses:Health:Life:GroupTermLife                24.32 USD
  Expenses:Health:Dental:Insurance                   2.90 USD
  Expenses:Health:Medical:Insurance                 27.38 USD
  Expenses:Health:Vision:Insurance                  42.30 USD
  Expenses:Taxes:Y2024:US:Medicare                 106.62 USD
  Expenses:Taxes:Y2024:US:Federal                 1062.92 USD
  Expenses:Taxes:Y2024:US:State                    365.08 USD
  Expenses:Taxes:Y2024:US:CityNYC                  174.92 USD
  Expenses:Taxes:Y2024:US:SDI                        1.12 USD
  Expenses:Taxes:Y2024:US:SocSec                   281.54 USD
  Assets:US:Hoogle:Vacation                             5 VACHR
  Income:US:Hoogle:Vacation                            -5 VACHR

2024-09-26 * "Hoogle" "Payroll"
  Assets:US:BofA:Checking                         2550.60 USD
  Income:US:Hoogle:Salary                        -4615.38 USD
  Income:US:Hoogle:GroupTermLife                   -24.32 USD
  Expenses:Health:Life:GroupTermLife                24.32 USD
  Expenses:Health:Dental:Insurance                   2.90 USD
  Expenses:Health:Medical:Insurance                 27.38 USD
  Expenses:Health:Vision:Insurance                  42.30 USD
  Expenses:Taxes:Y2024:US:Medicare                 106.62 USD
  Expenses:Taxes:Y2024:US:Federal                 1062.92 USD
  Expenses:Taxes:Y2024:US:State                    365.08 USD
  Expenses:Taxes:Y2024:US:CityNYC                  174.92 USD
  Expenses:Taxes:Y2024:US:SDI                        1.12 USD
  Expenses:Taxes:Y2024:US:SocSec                   281.54 USD
  Assets:US:Hoogle:Vacation                             5 VACHR
  Income:US:Hoogle:Vacation                            -5 VACHR

2024-10-10 * "Hoogle" "Payroll"
  Assets:US:BofA:Checking                         2550.60 USD
  Income:US:Hoogle:Salary                        -4615.38 USD
  Income:US:Hoogle:GroupTermLife                   -24.32 USD
  Expenses:Health:Life:GroupTermLife                24.32 USD
  Expenses:Health:Dental:Insurance                   2.90 USD
  Expenses:Health:Medical:Insurance                 27.38 USD
  Expenses:Health:Vision:Insurance                  42.30 USD
  Expenses:Taxes:Y2024:US:Medicare                 106.62 USD
  Expenses:Taxes:Y2024:US:Federal                 1062.92 USD
  Expenses:Taxes:Y2024:US:State                    365.08 USD
  Expenses:Taxes:Y2024:US:CityNYC                  174.92 USD
  Expenses:Taxes:Y2024:US:SDI                        1.12 USD
  Expenses:Taxes:Y2024:US:SocSec                   281.54 USD
  Assets:US:Hoogle:Vacation                             5 VACHR
  Income:US:Hoogle:Vacation                            -5 VACHR

2024-10-24 * "Hoogle" "Payroll"
  Assets:US:BofA:Checking                         2550.60 USD
  Income:US:Hoogle:Salary                        -4615.38 USD
  Income:US:Hoogle:GroupTermLife                   -24.32 USD
  Expenses:Health:Life:GroupTermLife                24.32 USD
  Expenses:Health:Dental:Insurance                   2.90 USD
  Expenses:Health:Medical:Insurance                 27.38 USD
  Expenses:Health:Vision:Insurance                  42.30 USD
  Expenses:Taxes:Y2024:US:Medicare                 106.62 USD
  Expenses:Taxes:Y2024:US:Federal                 1062.92 USD
  Expenses:Taxes:Y2024:US:State                    365.08 USD
  Expenses:Taxes:Y2024:US:CityNYC                  174.92 USD
  Expenses:Taxes:Y2024:US:SDI                        1.12 USD
  Expenses:Taxes:Y2024:US:SocSec                   281.54 USD
  Assets:US:Hoogle:Vacation                             5 VACHR
  Income:US:Hoogle:Vacation                            -5 VACHR

2024-11-07 * "Hoogle" "Payroll"
  Assets:US:BofA:Checking                         2550.60 USD
  Income:US:Hoogle:Salary                        -4615.38 USD
  Income:US:Hoogle:GroupTermLife                   -24.32 USD
  Expenses:Health:Life:GroupTermLife                24.32 USD
  Expenses:Health:Dental:Insurance                   2.90 USD
  Expenses:Health:Medical:Insurance                 27.38 USD
  Expenses:Health:Vision:Insurance                  42.30 USD
  Expenses:Taxes:Y2024:US:Medicare                 106.62 USD
  Expenses:Taxes:Y2024:US:Federal                 1062.92 USD
  Expenses:Taxes:Y2024:US:State                    365.08 USD
  Expenses:Taxes:Y2024:US:CityNYC                  174.92 USD
  Expenses:Taxes:Y2024:US:SDI                        1.12 USD
  Expenses:Taxes:Y2024:US:SocSec                   281.54 USD
  Assets:US:Hoogle:Vacation                             5 VACHR
  Income:US:Hoogle:Vacation                            -5 VACHR

2024-11-21 * "Hoogle" "Payroll"
  Assets:US:BofA:Checking                         2550.60 USD
  Income:US:Hoogle:Salary                        -4615.38 USD
  Income:US:Hoogle:GroupTermLife                   -24.32 USD
  Expenses:Health:Life:GroupTermLife                24.32 USD
  Expenses:Health:Dental:Insurance                   2.90 USD
  Expenses:Health:Medical:Insurance                 27.38 USD
  Expenses:Health:Vision:Insurance                  42.30 USD
  Expenses:Taxes:Y2024:US:Medicare                 106.62 USD
  Expenses:Taxes:Y2024:US:Federal                 1062.92 USD
  Expenses:Taxes:Y2024:US:State                    365.08 USD
  Expenses:Taxes:Y2024:US:CityNYC                  174.92 USD
  Expenses:Taxes:Y2024:US:SDI                        1.12 USD
  Expenses:Taxes:Y2024:US:SocSec                   281.54 USD
  Assets:US:Hoogle:Vacation                             5 VACHR
  Income:US:Hoogle:Vacation                            -5 VACHR

2024-12-05 * "Hoogle" "Payroll"
  Assets:US:BofA:Checking                         2589.06 USD
  Income:US:Hoogle:Salary                        -4615.38 USD
  Income:US:Hoogle:GroupTermLife                   -24.32 USD
  Expenses:Health:Life:GroupTermLife                24.32 USD
  Expenses:Health:Dental:Insurance                   2.90 USD
  Expenses:Health:Medical:Insurance                 27.38 USD
  Expenses:Health:Vision:Insurance                  42.30 USD
  Expenses:Taxes:Y2024:US:Medicare                 106.62 USD
  Expenses:Taxes:Y2024:US:Federal                 1062.92 USD
  Expenses:Taxes:Y2024:US:State                    365.08 USD
  Expenses:Taxes:Y2024:US:CityNYC                  174.92 USD
  Expenses:Taxes:Y2024:US:SDI                        1.12 USD
  Expenses:Taxes:Y2024:US:SocSec                   243.08 USD
  Assets:US:Hoogle:Vacation                             5 VACHR
  Income:US:Hoogle:Vacation                            -5 VACHR

2024-12-19 * "Hoogle" "Payroll"
  Assets:US:BofA:Checking                         2832.14 USD
  Income:US:Hoogle:Salary                        -4615.38 USD
  Income:US:Hoogle:GroupTermLife                   -24.32 USD
  Expenses:Health:Life:GroupTermLife                24.32 USD
  Expenses:Health:Dental:Insurance                   2.90 USD
  Expenses:Health:Medical:Insurance                 27.38 USD
  Expenses:Health:Vision:Insurance                  42.30 USD
  Expenses:Taxes:Y2024:US:Medicare                 106.62 USD
  Expenses:Taxes:Y2024:US:Federal                 1062.92 USD
  Expenses:Taxes:Y2024:US:State                    365.08 USD
  Expenses:Taxes:Y2024:US:CityNYC                  174.92 USD
  Expenses:Taxes:Y2024:US:SDI                        1.12 USD
  Expenses:Taxes:Y2024:US:SocSec                     0.00 USD
  Assets:US:Hoogle:Vacation                             5 VACHR
  Income:US:Hoogle:Vacation                            -5 VACHR

2025-01-02 * "Hoogle" "Payroll"
  Assets:US:BofA:Checking                         1350.60 USD
  Assets:US:Vanguard:Cash                         1200.00 USD
  Income:US:Hoogle:Salary                        -4615.38 USD
  Income:US:Hoogle:GroupTermLife                   -24.32 USD
  Expenses:Health:Life:GroupTermLife                24.32 USD
  Expenses:Health:Dental:Insurance                   2.90 USD
  Expenses:Health:Medical:Insurance                 27.38 USD
  Expenses:Health:Vision:Insurance                  42.30 USD
  Expenses:Taxes:Y2025:US:Medicare                 106.62 USD
  Expenses:Taxes:Y2025:US:Federal                 1062.92 USD
  Expenses:Taxes:Y2025:US:State                    365.08 USD
  Expenses:Taxes:Y2025:US:CityNYC                  174.92 USD
  Expenses:Taxes:Y2025:US:SDI                        1.12 USD
  Expenses:Taxes:Y2025:US:SocSec                   281.54 USD
  Assets:US:Federal:PreTax401k                   -1200.00 IRAUSD
  Expenses:Taxes:Y2025:US:Federal:PreTax401k      1200.00 IRAUSD
  Assets:US:Hoogle:Vacation                             5 VACHR
  Income:US:Hoogle:Vacation                            -5 VACHR

2025-01-16 * "Hoogle" "Payroll"
  Assets:US:BofA:Checking                         1350.60 USD
  Assets:US:Vanguard:Cash                         1200.00 USD
  Income:US:Hoogle:Salary                        -4615.38 USD
  Income:US:Hoogle:GroupTermLife                   -24.32 USD
  Expenses:Health:Life:GroupTermLife                24.32 USD
  Expenses:Health:Dental:Insurance                   2.90 USD
  Expenses:Health:Medical:Insurance                 27.38 USD
  Expenses:Health:Vision:Insurance                  42.30 USD
  Expenses:Taxes:Y2025:US:Medicare                 106.62 USD
  Expenses:Taxes:Y2025:US:Federal                 1062.92 USD
  Expenses:Taxes:Y2025:US:State                    365.08 USD
  Expenses:Taxes:Y2025:US:CityNYC                  174.92 USD
  Expenses:Taxes:Y2025:US:SDI                        1.12 USD
  Expenses:Taxes:Y2025:US:SocSec                   281.54 USD
  Assets:US:Federal:PreTax401k                   -1200.00 IRAUSD
  Expenses:Taxes:Y2025:US:Federal:PreTax401k      1200.00 IRAUSD
  Assets:US:Hoogle:Vacation                             5 VACHR
  Income:US:Hoogle:Vacation                            -5 VACHR

2025-01-30 * "Hoogle" "Payroll"
  Assets:US:BofA:Checking                         1350.60 USD
  Assets:US:Vanguard:Cash                         1200.00 USD
  Income:US:Hoogle:Salary                        -4615.38 USD
  Income:US:Hoogle:GroupTermLife                   -24.32 USD
  Expenses:Health:Life:GroupTermLife                24.32 USD
  Expenses:Health:Dental:Insurance                   2.90 USD
  Expenses:Health:Medical:Insurance                 27.38 USD
  Expenses:Health:Vision:Insurance                  42.30 USD
  Expenses:Taxes:Y2025:US:Medicare                 106.62 USD
  Expenses:Taxes:Y2025:US:Federal                 1062.92 USD
  Expenses:Taxes:Y2025:US:State                    365.08 USD
  Expenses:Taxes:Y2025:US:CityNYC                  174.92 USD
  Expenses:Taxes:Y2025:US:SDI                        1.12 USD
  Expenses:Taxes:Y2025:US:SocSec                   281.54 USD
  Assets:US:Federal:PreTax401k                   -1200.00 IRAUSD
  Expenses:Taxes:Y2025:US:Federal:PreTax401k      1200.00 IRAUSD
  Assets:US:Hoogle:Vacation                             5 VACHR
  Income:US:Hoogle:Vacation                            -5 VACHR

2025-02-13 * "Hoogle" "Payroll"
  Assets:US:BofA:Checking                         1350.60 USD
  Assets:US:Vanguard:Cash                         1200.00 USD
  Income:US:Hoogle:Salary                        -4615.38 USD
  Income:US:Hoogle:GroupTermLife                   -24.32 USD
  Expenses:Health:Life:GroupTermLife                24.32 USD
  Expenses:Health:Dental:Insurance                   2.90 USD
  Expenses:Health:Medical:Insurance                 27.38 USD
  Expenses:Health:Vision:Insurance                  42.30 USD
  Expenses:Taxes:Y2025:US:Medicare                 106.62 USD
  Expenses:Taxes:Y2025:US:Federal                 1062.92 USD
  Expenses:Taxes:Y2025:US:State                    365.08 USD
  Expenses:Taxes:Y2025:US:CityNYC                  174.92 USD
  Expenses:Taxes:Y2025:US:SDI                        1.12 USD
  Expenses:Taxes:Y2025:US:SocSec                   281.54 USD
  Assets:US:Federal:PreTax401k                   -1200.00 IRAUSD
  Expenses:Taxes:Y2025:US:Federal:PreTax401k      1200.00 IRAUSD
  Assets:US:Hoogle:Vacation                             5 VACHR
  Income:US:Hoogle:Vacation                            -5 VACHR

2025-02-27 * "Hoogle" "Payroll"
  Assets:US:BofA:Checking                         1350.60 USD
  Assets:US:Vanguard:Cash                         1200.00 USD
  Income:US:Hoogle:Salary                        -4615.38 USD
  Income:US:Hoogle:GroupTermLife                   -24.32 USD
  Expenses:Health:Life:GroupTermLife                24.32 USD
  Expenses:Health:Dental:Insurance                   2.90 USD
  Expenses:Health:Medical:Insurance                 27.38 USD
  Expenses:Health:Vision:Insurance                  42.30 USD
  Expenses:Taxes:Y2025:US:Medicare                 106.62 USD
  Expenses:Taxes:Y2025:US:Federal                 1062.92 USD
  Expenses:Taxes:Y2025:US:State                    365.08 USD
  Expenses:Taxes:Y2025:US:CityNYC                  174.92 USD
  Expenses:Taxes:Y2025:US:SDI                        1.12 USD
  Expenses:Taxes:Y2025:US:SocSec                   281.54 USD
  Assets:US:Federal:PreTax401k                   -1200.00 IRAUSD
  Expenses:Taxes:Y2025:US:Federal:PreTax401k      1200.00 IRAUSD
  Assets:US:Hoogle:Vacation                             5 VACHR
  Income:US:Hoogle:Vacation                            -5 VACHR

2025-03-13 * "Hoogle" "Payroll"
  Assets:US:BofA:Checking                         1350.60 USD
  Assets:US:Vanguard:Cash                         1200.00 USD
  Income:US:Hoogle:Salary                        -4615.38 USD
  Income:US:Hoogle:GroupTermLife                   -24.32 USD
  Expenses:Health:Life:GroupTermLife                24.32 USD
  Expenses:Health:Dental:Insurance                   2.90 USD
  Expenses:Health:Medical:Insurance                 27.38 USD
  Expenses:Health:Vision:Insurance                  42.30 USD
  Expenses:Taxes:Y2025:US:Medicare                 106.62 USD
  Expenses:Taxes:Y2025:US:Federal                 1062.92 USD
  Expenses:Taxes:Y2025:US:State                    365.08 USD
  Expenses:Taxes:Y2025:US:CityNYC                  174.92 USD
  Expenses:Taxes:Y2025:US:SDI                        1.12 USD
  Expenses:Taxes:Y2025:US:SocSec                   281.54 USD
  Assets:US:Federal:PreTax401k                   -1200.00 IRAUSD
  Expenses:Taxes:Y2025:US:Federal:PreTax401k      1200.00 IRAUSD
  Assets:US:Hoogle:Vacation                             5 VACHR
  Income:US:Hoogle:Vacation                            -5 VACHR

2025-03-27 * "Hoogle" "Payroll"
  Assets:US:BofA:Checking                         1350.60 USD
  Assets:US:Vanguard:Cash                         1200.00 USD
  Income:US:Hoogle:Salary                        -4615.38 USD
  Income:US:Hoogle:GroupTermLife                   -24.32 USD
  Expenses:Health:Life:GroupTermLife                24.32 USD
  Expenses:Health:Dental:Insurance                   2.90 USD
  Expenses:Health:Medical:Insurance                 27.38 USD
  Expenses:Health:Vision:Insurance                  42.30 USD
  Expenses:Taxes:Y2025:US:Medicare                 106.62 USD
  Expenses:Taxes:Y2025:US:Federal                 1062.92 USD
  Expenses:Taxes:Y2025:US:State                    365.08 USD
  Expenses:Taxes:Y2025:US:CityNYC                  174.92 USD
  Expenses:Taxes:Y2025:US:SDI                        1.12 USD
  Expenses:Taxes:Y2025:US:SocSec                   281.54 USD
  Assets:US:Federal:PreTax401k                   -1200.00 IRAUSD
  Expenses:Taxes:Y2025:US:Federal:PreTax401k      1200.00 IRAUSD
  Assets:US:Hoogle:Vacation                             5 VACHR
  Income:US:Hoogle:Vacation                            -5 VACHR

2025-04-10 * "Hoogle" "Payroll"
  Assets:US:BofA:Checking                         1350.60 USD
  Assets:US:Vanguard:Cash                         1200.00 USD
  Income:US:Hoogle:Salary                        -4615.38 USD
  Income:US:Hoogle:GroupTermLife                   -24.32 USD
  Expenses:Health:Life:GroupTermLife                24.32 USD
  Expenses:Health:Dental:Insurance                   2.90 USD
  Expenses:Health:Medical:Insurance                 27.38 USD
  Expenses:Health:Vision:Insurance                  42.30 USD
  Expenses:Taxes:Y2025:US:Medicare                 106.62 USD
  Expenses:Taxes:Y2025:US:Federal                 1062.92 USD
  Expenses:Taxes:Y2025:US:State                    365.08 USD
  Expenses:Taxes:Y2025:US:CityNYC                  174.92 USD
  Expenses:Taxes:Y2025:US:SDI                        1.12 USD
  Expenses:Taxes:Y2025:US:SocSec                   281.54 USD
  Assets:US:Federal:PreTax401k                   -1200.00 IRAUSD
  Expenses:Taxes:Y2025:US:Federal:PreTax401k      1200.00 IRAUSD
  Assets:US:Hoogle:Vacation                             5 VACHR
  Income:US:Hoogle:Vacation                            -5 VACHR

2025-04-24 * "Hoogle" "Payroll"
  Assets:US:BofA:Checking                         1350.60 USD
  Assets:US:Vanguard:Cash                         1200.00 USD
  Income:US:Hoogle:Salary                        -4615.38 USD
  Income:US:Hoogle:GroupTermLife                   -24.32 USD
  Expenses:Health:Life:GroupTermLife                24.32 USD
  Expenses:Health:Dental:Insurance                   2.90 USD
  Expenses:Health:Medical:Insurance                 27.38 USD
  Expenses:Health:Vision:Insurance                  42.30 USD
  Expenses:Taxes:Y2025:US:Medicare                 106.62 USD
  Expenses:Taxes:Y2025:US:Federal                 1062.92 USD
  Expenses:Taxes:Y2025:US:State                    365.08 USD
  Expenses:Taxes:Y2025:US:CityNYC                  174.92 USD
  Expenses:Taxes:Y2025:US:SDI                        1.12 USD
  Expenses:Taxes:Y2025:US:SocSec                   281.54 USD
  Assets:US:Federal:PreTax401k                   -1200.00 IRAUSD
  Expenses:Taxes:Y2025:US:Federal:PreTax401k      1200.00 IRAUSD
  Assets:US:Hoogle:Vacation                             5 VACHR
  Income:US:Hoogle:Vacation                            -5 VACHR

2025-05-08 * "Hoogle" "Payroll"
  Assets:US:BofA:Checking                         1350.60 USD
  Assets:US:Vanguard:Cash                         1200.00 USD
  Income:US:Hoogle:Salary                        -4615.38 USD
  Income:US:Hoogle:GroupTermLife                   -24.32 USD
  Expenses:Health:Life:GroupTermLife                24.32 USD
  Expenses:Health:Dental:Insurance                   2.90 USD
  Expenses:Health:Medical:Insurance                 27.38 USD
  Expenses:Health:Vision:Insurance                  42.30 USD
  Expenses:Taxes:Y2025:US:Medicare                 106.62 USD
  Expenses:Taxes:Y2025:US:Federal                 1062.92 USD
  Expenses:Taxes:Y2025:US:State                    365.08 USD
  Expenses:Taxes:Y2025:US:CityNYC                  174.92 USD
  Expenses:Taxes:Y2025:US:SDI                        1.12 USD
  Expenses:Taxes:Y2025:US:SocSec                   281.54 USD
  Assets:US:Federal:PreTax401k                   -1200.00 IRAUSD
  Expenses:Taxes:Y2025:US:Federal:PreTax401k      1200.00 IRAUSD
  Assets:US:Hoogle:Vacation                             5 VACHR
  Income:US:Hoogle:Vacation                            -5 VACHR

2025-05-22 * "Hoogle" "Payroll"
  Assets:US:BofA:Checking                         1350.60 USD
  Assets:US:Vanguard:Cash                         1200.00 USD
  Income:US:Hoogle:Salary                        -4615.38 USD
  Income:US:Hoogle:GroupTermLife                   -24.32 USD
  Expenses:Health:Life:GroupTermLife                24.32 USD
  Expenses:Health:Dental:Insurance                   2.90 USD
  Expenses:Health:Medical:Insurance                 27.38 USD
  Expenses:Health:Vision:Insurance                  42.30 USD
  Expenses:Taxes:Y2025:US:Medicare                 106.62 USD
  Expenses:Taxes:Y2025:US:Federal                 1062.92 USD
  Expenses:Taxes:Y2025:US:State                    365.08 USD
  Expenses:Taxes:Y2025:US:CityNYC                  174.92 USD
  Expenses:Taxes:Y2025:US:SDI                        1.12 USD
  Expenses:Taxes:Y2025:US:SocSec                   281.54 USD
  Assets:US:Federal:PreTax401k                   -1200.00 IRAUSD
  Expenses:Taxes:Y2025:US:Federal:PreTax401k      1200.00 IRAUSD
  Assets:US:Hoogle:Vacation                             5 VACHR
  Income:US:Hoogle:Vacation                            -5 VACHR

2025-06-05 * "Hoogle" "Payroll"
  Assets:US:BofA:Checking                         1350.60 USD
  Assets:US:Vanguard:Cash                         1200.00 USD
  Income:US:Hoogle:Salary                        -4615.38 USD
  Income:US:Hoogle:GroupTermLife                   -24.32 USD
  Expenses:Health:Life:GroupTermLife                24.32 USD
  Expenses:Health:Dental:Insurance                   2.90 USD
  Expenses:Health:Medical:Insurance                 27.38 USD
  Expenses:Health:Vision:Insurance                  42.30 USD
  Expenses:Taxes:Y2025:US:Medicare                 106.62 USD
  Expenses:Taxes:Y2025:US:Federal                 1062.92 USD
  Expenses:Taxes:Y2025:US:State                    365.08 USD
  Expenses:Taxes:Y2025:US:CityNYC                  174.92 USD
  Expenses:Taxes:Y2025:US:SDI                        1.12 USD
  Expenses:Taxes:Y2025:US:SocSec                   281.54 USD
  Assets:US:Federal:PreTax401k                   -1200.00 IRAUSD
  Expenses:Taxes:Y2025:US:Federal:PreTax401k      1200.00 IRAUSD
  Assets:US:Hoogle:Vacation                             5 VACHR
  Income:US:Hoogle:Vacation                            -5 VACHR

2025-06-19 * "Hoogle" "Payroll"
  Assets:US:BofA:Checking                         1350.60 USD
  Assets:US:Vanguard:Cash                         1200.00 USD
  Income:US:Hoogle:Salary                        -4615.38 USD
  Income:US:Hoogle:GroupTermLife                   -24.32 USD
  Expenses:Health:Life:GroupTermLife                24.32 USD
  Expenses:Health:Dental:Insurance                   2.90 USD
  Expenses:Health:Medical:Insurance                 27.38 USD
  Expenses:Health:Vision:Insurance                  42.30 USD
  Expenses:Taxes:Y2025:US:Medicare                 106.62 USD
  Expenses:Taxes:Y2025:US:Federal                 1062.92 USD
  Expenses:Taxes:Y2025:US:State                    365.08 USD
  Expenses:Taxes:Y2025:US:CityNYC                  174.92 USD
  Expenses:Taxes:Y2025:US:SDI                        1.12 USD
  Expenses:Taxes:Y2025:US:SocSec                   281.54 USD
  Assets:US:Federal:PreTax401k                   -1200.00 IRAUSD
  Expenses:Taxes:Y2025:US:Federal:PreTax401k      1200.00 IRAUSD
  Assets:US:Hoogle:Vacation                             5 VACHR
  Income:US:Hoogle:Vacation                            -5 VACHR

2025-07-03 * "Hoogle" "Payroll"
  Assets:US:BofA:Checking                         1350.60 USD
  Assets:US:Vanguard:Cash                         1200.00 USD
  Income:US:Hoogle:Salary                        -4615.38 USD
  Income:US:Hoogle:GroupTermLife                   -24.32 USD
  Expenses:Health:Life:GroupTermLife                24.32 USD
  Expenses:Health:Dental:Insurance                   2.90 USD
  Expenses:Health:Medical:Insurance                 27.38 USD
  Expenses:Health:Vision:Insurance                  42.30 USD
  Expenses:Taxes:Y2025:US:Medicare                 106.62 USD
  Expenses:Taxes:Y2025:US:Federal                 1062.92 USD
  Expenses:Taxes:Y2025:US:State                    365.08 USD
  Expenses:Taxes:Y2025:US:CityNYC                  174.92 USD
  Expenses:Taxes:Y2025:US:SDI                        1.12 USD
  Expenses:Taxes:Y2025:US:SocSec                   281.54 USD
  Assets:US:Federal:PreTax401k                   -1200.00 IRAUSD
  Expenses:Taxes:Y2025:US:Federal:PreTax401k      1200.00 IRAUSD
  Assets:US:Hoogle:Vacation                             5 VACHR
  Income:US:Hoogle:Vacation                            -5 VACHR

2025-07-17 * "Hoogle" "Payroll"
  Assets:US:BofA:Checking                         1350.60 USD
  Assets:US:Vanguard:Cash                         1200.00 USD
  Income:US:Hoogle:Salary                        -4615.38 USD
  Income:US:Hoogle:GroupTermLife                   -24.32 USD
  Expenses:Health:Life:GroupTermLife                24.32 USD
  Expenses:Health:Dental:Insurance                   2.90 USD
  Expenses:Health:Medical:Insurance                 27.38 USD
  Expenses:Health:Vision:Insurance                  42.30 USD
  Expenses:Taxes:Y2025:US:Medicare                 106.62 USD
  Expenses:Taxes:Y2025:US:Federal                 1062.92 USD
  Expenses:Taxes:Y2025:US:State                    365.08 USD
  Expenses:Taxes:Y2025:US:CityNYC                  174.92 USD
  Expenses:Taxes:Y2025:US:SDI                        1.12 USD
  Expenses:Taxes:Y2025:US:SocSec                   281.54 USD
  Assets:US:Federal:PreTax401k                   -1200.00 IRAUSD
  Expenses:Taxes:Y2025:US:Federal:PreTax401k      1200.00 IRAUSD
  Assets:US:Hoogle:Vacation                             5 VACHR
  Income:US:Hoogle:Vacation                            -5 VACHR

2025-07-31 * "Hoogle" "Payroll"
  Assets:US:BofA:Checking                         2050.60 USD
  Assets:US:Vanguard:Cash                          500.00 USD
  Income:US:Hoogle:Salary                        -4615.38 USD
  Income:US:Hoogle:GroupTermLife                   -24.32 USD
  Expenses:Health:Life:GroupTermLife                24.32 USD
  Expenses:Health:Dental:Insurance                   2.90 USD
  Expenses:Health:Medical:Insurance                 27.38 USD
  Expenses:Health:Vision:Insurance                  42.30 USD
  Expenses:Taxes:Y2025:US:Medicare                 106.62 USD
  Expenses:Taxes:Y2025:US:Federal                 1062.92 USD
  Expenses:Taxes:Y2025:US:State                    365.08 USD
  Expenses:Taxes:Y2025:US:CityNYC                  174.92 USD
  Expenses:Taxes:Y2025:US:SDI                        1.12 USD
  Expenses:Taxes:Y2025:US:SocSec                   281.54 USD
  Assets:US:Federal:PreTax401k                    -500.00 IRAUSD
  Expenses:Taxes:Y2025:US:Federal:PreTax401k       500.00 IRAUSD
  Assets:US:Hoogle:Vacation                             5 VACHR
  Income:US:Hoogle:Vacation                            -5 VACHR

2025-08-14 * "Hoogle" "Payroll"
  Assets:US:BofA:Checking                         2550.60 USD
  Income:US:Hoogle:Salary                        -4615.38 USD
  Income:US:Hoogle:GroupTermLife                   -24.32 USD
  Expenses:Health:Life:GroupTermLife                24.32 USD
  Expenses:Health:Dental:Insurance                   2.90 USD
  Expenses:Health:Medical:Insurance                 27.38 USD
  Expenses:Health:Vision:Insurance                  42.30 USD
  Expenses:Taxes:Y2025:US:Medicare                 106.62 USD
  Expenses:Taxes:Y2025:US:Federal                 1062.92 USD
  Expenses:Taxes:Y2025:US:State                    365.08 USD
  Expenses:Taxes:Y2025:US:CityNYC                  174.92 USD
  Expenses:Taxes:Y2025:US:SDI                        1.12 USD
  Expenses:Taxes:Y2025:US:SocSec                   281.54 USD
  Assets:US:Hoogle:Vacation                             5 VACHR
  Income:US:Hoogle:Vacation                            -5 VACHR

2025-08-28 * "Hoogle" "Payroll"
  Assets:US:BofA:Checking                         2550.60 USD
  Income:US:Hoogle:Salary                        -4615.38 USD
  Income:US:Hoogle:GroupTermLife                   -24.32 USD
  Expenses:Health:Life:GroupTermLife                24.32 USD
  Expenses:Health:Dental:Insurance                   2.90 USD
  Expenses:Health:Medical:Insurance                 27.38 USD
  Expenses:Health:Vision:Insurance                  42.30 USD
  Expenses:Taxes:Y2025:US:Medicare                 106.62 USD
  Expenses:Taxes:Y2025:US:Federal                 1062.92 USD
  Expenses:Taxes:Y2025:US:State                    365.08 USD
  Expenses:Taxes:Y2025:US:CityNYC                  174.92 USD
  Expenses:Taxes:Y2025:US:SDI                        1.12 USD
  Expenses:Taxes:Y2025:US:SocSec                   281.54 USD
  Assets:US:Hoogle:Vacation                             5 VACHR
  Income:US:Hoogle:Vacation                            -5 VACHR

2025-09-11 * "Hoogle" "Payroll"
  Assets:US:BofA:Checking                         2550.60 USD
  Income:US:Hoogle:Salary                        -4615.38 USD
  Income:US:Hoogle:GroupTermLife                   -24.32 USD
  Expenses:Health:Life:GroupTermLife                24.32 USD
  Expenses:Health:Dental:Insurance                   2.90 USD
  Expenses:Health:Medical:Insurance                 27.38 USD
  Expenses:Health:Vision:Insurance                  42.30 USD
  Expenses:Taxes:Y2025:US:Medicare                 106.62 USD
  Expenses:Taxes:Y2025:US:Federal                 1062.92 USD
  Expenses:Taxes:Y2025:US:State                    365.08 USD
  Expenses:Taxes:Y2025:US:CityNYC                  174.92 USD
  Expenses:Taxes:Y2025:US:SDI                        1.12 USD
  Expenses:Taxes:Y2025:US:SocSec                   281.54 USD
  Assets:US:Hoogle:Vacation                             5 VACHR
  Income:US:Hoogle:Vacation                            -5 VACHR

2025-09-25 * "Hoogle" "Payroll"
  Assets:US:BofA:Checking                         2550.60 USD
  Income:US:Hoogle:Salary                        -4615.38 USD
  Income:US:Hoogle:GroupTermLife                   -24.32 USD
  Expenses:Health:Life:GroupTermLife                24.32 USD
  Expenses:Health:Dental:Insurance                   2.90 USD
  Expenses:Health:Medical:Insurance                 27.38 USD
  Expenses:Health:Vision:Insurance                  42.30 USD
  Expenses:Taxes:Y2025:US:Medicare                 106.62 USD
  Expenses:Taxes:Y2025:US:Federal                 1062.92 USD
  Expenses:Taxes:Y2025:US:State                    365.08 USD
  Expenses:Taxes:Y2025:US:CityNYC                  174.92 USD
  Expenses:Taxes:Y2025:US:SDI                        1.12 USD
  Expenses:Taxes:Y2025:US:SocSec                   281.54 USD
  Assets:US:Hoogle:Vacation                             5 VACHR
  Income:US:Hoogle:Vacation                            -5 VACHR

2025-10-09 * "Hoogle" "Payroll"
  Assets:US:BofA:Checking                         2550.60 USD
  Income:US:Hoogle:Salary                        -4615.38 USD
  Income:US:Hoogle:GroupTermLife                   -24.32 USD
  Expenses:Health:Life:GroupTermLife                24.32 USD
  Expenses:Health:Dental:Insurance                   2.90 USD
  Expenses:Health:Medical:Insurance                 27.38 USD
  Expenses:Health:Vision:Insurance                  42.30 USD
  Expenses:Taxes:Y2025:US:Medicare                 106.62 USD
  Expenses:Taxes:Y2025:US:Federal                 1062.92 USD
  Expenses:Taxes:Y2025:US:State                    365.08 USD
  Expenses:Taxes:Y2025:US:CityNYC                  174.92 USD
  Expenses:Taxes:Y2025:US:SDI                        1.12 USD
  Expenses:Taxes:Y2025:US:SocSec                   281.54 USD
  Assets:US:Hoogle:Vacation                             5 VACHR
  Income:US:Hoogle:Vacation                            -5 VACHR

2025-10-23 * "Hoogle" "Payroll"
  Assets:US:BofA:Checking                         2550.60 USD
  Income:US:Hoogle:Salary                        -4615.38 USD
  Income:US:Hoogle:GroupTermLife                   -24.32 USD
  Expenses:Health:Life:GroupTermLife                24.32 USD
  Expenses:Health:Dental:Insurance                   2.90 USD
  Expenses:Health:Medical:Insurance                 27.38 USD
  Expenses:Health:Vision:Insurance                  42.30 USD
  Expenses:Taxes:Y2025:US:Medicare                 106.62 USD
  Expenses:Taxes:Y2025:US:Federal                 1062.92 USD
  Expenses:Taxes:Y2025:US:State                    365.08 USD
  Expenses:Taxes:Y2025:US:CityNYC                  174.92 USD
  Expenses:Taxes:Y2025:US:SDI                        1.12 USD
  Expenses:Taxes:Y2025:US:SocSec                   281.54 USD
  Assets:US:Hoogle:Vacation                             5 VACHR
  Income:US:Hoogle:Vacation                            -5 VACHR



* Taxes

1980-05-12 open Income:US:Federal:PreTax401k                    IRAUSD
1980-05-12 open Assets:US:Federal:PreTax401k                    IRAUSD



** Tax Year 2023

2023-01-01 open Expenses:Taxes:Y2023:US:Federal:PreTax401k      IRAUSD
2023-01-01 open Expenses:Taxes:Y2023:US:Medicare                USD
2023-01-01 open Expenses:Taxes:Y2023:US:Federal                 USD
2023-01-01 open Expenses:Taxes:Y2023:US:CityNYC                 USD
2023-01-01 open Expenses:Taxes:Y2023:US:SDI                     USD
2023-01-01 open Expenses:Taxes:Y2023:US:State                   USD
2023-01-01 open Expenses:Taxes:Y2023:US:SocSec                  USD

2023-01-01 balance Assets:US:Federal:PreTax401k         0 IRAUSD

2023-01-01 * "Allowed contributions for one year"
  Income:US:Federal:PreTax401k                     -18500 IRAUSD
  Assets:US:Federal:PreTax401k                      18500 IRAUSD

2024-03-21 * "Filing taxes for 2023"
  Expenses:Taxes:Y2023:US:Federal                  402.38 USD
  Expenses:Taxes:Y2023:US:State                    233.56 USD
  Liabilities:AccountsPayable                     -635.94 USD

2024-03-21 * "FEDERAL TAXPYMT"
  Assets:US:BofA:Checking                         -402.38 USD
  Liabilities:AccountsPayable                      402.38 USD

2024-03-23 * "STATE TAX & FINANC PYMT"
  Assets:US:BofA:Checking                         -233.56 USD
  Liabilities:AccountsPayable                      233.56 USD



** Tax Year 2024

2024-01-01 open Expenses:Taxes:Y2024:US:Federal:PreTax401k      IRAUSD
2024-01-01 open Expenses:Taxes:Y2024:US:Medicare                USD
2024-01-01 open Expenses:Taxes:Y2024:US:Federal                 USD
2024-01-01 open Expenses:Taxes:Y2024:US:CityNYC                 USD
2024-01-01 open Expenses:Taxes:Y2024:US:SDI                     USD
2024-01-01 open Expenses:Taxes:Y2024:US:State                   USD
2024-01-01 open Expenses:Taxes:Y2024:US:SocSec                  USD

2024-01-01 balance Assets:US:Federal:PreTax401k         0 IRAUSD

2024-01-01 * "Allowed contributions for one year"
  Income:US:Federal:PreTax401k                     -18500 IRAUSD
  Assets:US:Federal:PreTax401k                      18500 IRAUSD

2025-03-22 * "Filing taxes for 2024"
  Expenses:Taxes:Y2024:US:Federal                  427.27 USD
  Expenses:Taxes:Y2024:US:State                    438.71 USD
  Liabilities:AccountsPayable                     -865.98 USD

2025-03-23 * "FEDERAL TAXPYMT"
  Assets:US:BofA:Checking                         -427.27 USD
  Liabilities:AccountsPayable                      427.27 USD

2025-03-23 * "STATE TAX & FINANC PYMT"
  Assets:US:BofA:Checking                         -438.71 USD
  Liabilities:AccountsPayable                      438.71 USD



** Tax Year 2025

2025-01-01 open Expenses:Taxes:Y2025:US:Federal:PreTax401k      IRAUSD
2025-01-01 open Expenses:Taxes:Y2025:US:Medicare                USD
2025-01-01 open Expenses:Taxes:Y2025:US:Federal                 USD
2025-01-01 open Expenses:Taxes:Y2025:US:CityNYC                 USD
2025-01-01 open Expenses:Taxes:Y2025:US:SDI                     USD
2025-01-01 open Expenses:Taxes:Y2025:US:State                   USD
2025-01-01 open Expenses:Taxes:Y2025:US:SocSec                  USD

2025-01-01 balance Assets:US:Federal:PreTax401k         0 IRAUSD

2025-01-01 * "Allowed contributions for one year"
  Income:US:Federal:PreTax401k                     -18500 IRAUSD
  Assets:US:Federal:PreTax401k                      18500 IRAUSD



* Expenses

1980-05-12 open Expenses:Food:Groceries
1980-05-12 open Expenses:Food:Restaurant
1980-05-12 open Expenses:Food:Coffee
1980-05-12 open Expenses:Food:Alcohol
1980-05-12 open Expenses:Transport:Tram
1980-05-12 open Expenses:Home:Rent
1980-05-12 open Expenses:Home:Electricity
1980-05-12 open Expenses:Home:Internet
1980-05-12 open Expenses:Home:Phone
1980-05-12 open Expenses:Financial:Fees
1980-05-12 open Expenses:Financial:Commissions



* Prices

2023-01-06 price VBMPX                              98.93 USD
2023-01-06 price RGAGX                              49.48 USD
2023-01-06 price ITOT                              111.75 USD
2023-01-06 price VEA                                33.88 USD
2023-01-06 price VHT                                50.71 USD
2023-01-06 price GLD                                79.91 USD
2023-01-13 price VBMPX                             100.09 USD
2023-01-13 price RGAGX                              49.95 USD
2023-01-13 price ITOT                              111.70 USD
2023-01-13 price VEA                                33.78 USD
2023-01-13 price VHT                                50.87 USD
2023-01-13 price GLD                                80.69 USD
2023-01-20 price VBMPX                              99.74 USD
2023-01-20 price RGAGX                              50.55 USD
2023-01-20 price ITOT                              110.11 USD
2023-01-20 price VEA                                33.29 USD
2023-01-20 price VHT                                50.77 USD
2023-01-20 price GLD                                80.64 USD
2023-01-27 price VBMPX                              98.45 USD
2023-01-27 price RGAGX                              50.34 USD
2023-01-27 price ITOT                              113.27 USD
2023-01-27 price VEA                                33.78 USD
2023-01-27 price VHT                                51.28 USD
2023-01-27 price GLD                                82.08 USD
2023-02-03 price VBMPX                              98.71 USD
2023-02-03 price RGAGX                              50.05 USD
2023-02-03 price ITOT                              113.38 USD
2023-02-03 price VEA                                34.21 USD
2023-02-03 price VHT                                51.14 USD
2023-02-03 price GLD                                80.65 USD
2023-02-10 price VBMPX                              97.88 USD
2023-02-10 price RGAGX                              50.41 USD
2023-02-10 price ITOT                              112.83 USD
2023-02-10 price VEA                                33.85 USD
2023-02-10 price VHT                                52.49 USD
2023-02-10 price GLD                                81.44 USD
2023-02-17 price VBMPX                              97.19 USD
2023-02-17 price RGAGX                              49.76 USD
2023-02-17 price ITOT                              114.22 USD
2023-02-17 price VEA                                33.79 USD
2023-02-17 price VHT                                51.11 USD
2023-02-17 price GLD                                82.87 USD
2023-02-24 price VBMPX                              98.23 USD
2023-02-24 price RGAGX                              49.71 USD
2023-02-24 price ITOT                              116.18 USD
2023-02-24 price VEA                                32.88 USD
2023-02-24 price VHT                                51.35 USD
2023-02-24 price GLD                                83.72 USD
2023-03-03 price VBMPX                              98.87 USD
2023-03-03 price RGAGX                              49.93 USD
2023-03-03 price ITOT                              117.20 USD
2023-03-03 price VEA                                33.59 USD
2023-03-03 price VHT                                49.91 USD
2023-03-03 price GLD                                83.12 USD
2023-03-10 price VBMPX                              98.37 USD
2023-03-10 price RGAGX                              49.46 USD
2023-03-10 price ITOT                              118.61 USD
2023-03-10 price VEA                                33.64 USD
2023-03-10 price VHT                                49.69 USD
2023-03-10 price GLD                                82.90 USD
2023-03-17 price VBMPX                              99.62 USD
2023-03-17 price RGAGX                              49.22 USD
2023-03-17 price ITOT                              119.73 USD
2023-03-17 price VEA                                33.82 USD
2023-03-17 price VHT                                48.51 USD
2023-03-17 price GLD                                82.98 USD
2023-03-24 price VBMPX                             100.59 USD
2023-03-24 price RGAGX                              49.11 USD
2023-03-24 price ITOT                              120.05 USD
2023-03-24 price VEA                                35.27 USD
2023-03-24 price VHT                                49.24 USD
2023-03-24 price GLD                                81.83 USD
2023-03-31 price VBMPX                              99.89 USD
2023-03-31 price RGAGX                              50.03 USD
2023-03-31 price ITOT                              123.21 USD
2023-03-31 price VEA                                34.79 USD
2023-03-31 price VHT                                48.24 USD
2023-03-31 price GLD                                82.28 USD
2023-04-07 price VBMPX                             100.92 USD
2023-04-07 price RGAGX                              49.15 USD
2023-04-07 price ITOT                              124.23 USD
2023-04-07 price VEA                                33.75 USD
2023-04-07 price VHT                                47.38 USD
2023-04-07 price GLD                                81.67 USD
2023-04-14 price VBMPX                             100.14 USD
2023-04-14 price RGAGX                              48.80 USD
2023-04-14 price ITOT                              123.07 USD
2023-04-14 price VEA                                33.36 USD
2023-04-14 price VHT                                47.75 USD
2023-04-14 price GLD                                81.85 USD
2023-04-21 price VBMPX                             100.34 USD
2023-04-21 price RGAGX                              49.08 USD
2023-04-21 price ITOT                              122.99 USD
2023-04-21 price VEA                                32.86 USD
2023-04-21 price VHT                                47.36 USD
2023-04-21 price GLD                                82.42 USD
2023-04-28 price VBMPX                             100.49 USD
2023-04-28 price RGAGX                              48.82 USD
2023-04-28 price ITOT                              121.21 USD
2023-04-28 price VEA                                32.24 USD
2023-04-28 price VHT                                46.38 USD
2023-04-28 price GLD                                80.78 USD
2023-05-05 price VBMPX                              99.95 USD
2023-05-05 price RGAGX                              48.71 USD
2023-05-05 price ITOT                              120.99 USD
2023-05-05 price VEA                                32.06 USD
2023-05-05 price VHT                                46.04 USD
2023-05-05 price GLD                                83.83 USD
2023-05-12 price VBMPX                              97.94 USD
2023-05-12 price RGAGX                              48.97 USD
2023-05-12 price ITOT                              122.44 USD
2023-05-12 price VEA                                31.48 USD
2023-05-12 price VHT                                45.66 USD
2023-05-12 price GLD                                84.99 USD
2023-05-19 price VBMPX                              99.46 USD
2023-05-19 price RGAGX                              49.47 USD
2023-05-19 price ITOT                              123.50 USD
2023-05-19 price VEA                                31.27 USD
2023-05-19 price VHT                                47.36 USD
2023-05-19 price GLD                                84.74 USD
2023-05-26 price VBMPX                              98.34 USD
2023-05-26 price RGAGX                              48.82 USD
2023-05-26 price ITOT                              124.76 USD
2023-05-26 price VEA                                31.03 USD
2023-05-26 price VHT                                47.70 USD
2023-05-26 price GLD                                84.15 USD
2023-06-02 price VBMPX                              97.61 USD
2023-06-02 price RGAGX                              49.19 USD
2023-06-02 price ITOT                              125.25 USD
2023-06-02 price VEA                                31.19 USD
2023-06-02 price VHT                                47.03 USD
2023-06-02 price GLD                                84.95 USD
2023-06-09 price VBMPX                              99.14 USD
2023-06-09 price RGAGX                              49.62 USD
2023-06-09 price ITOT                              125.51 USD
2023-06-09 price VEA                                31.79 USD
2023-06-09 price VHT                                47.19 USD
2023-06-09 price GLD                                85.50 USD
2023-06-16 price VBMPX                             100.09 USD
2023-06-16 price RGAGX                              50.01 USD
2023-06-16 price ITOT                              125.85 USD
2023-06-16 price VEA                                31.71 USD
2023-06-16 price VHT                                48.27 USD
2023-06-16 price GLD                                84.52 USD
2023-06-23 price VBMPX                              99.69 USD
2023-06-23 price RGAGX                              50.00 USD
2023-06-23 price ITOT                              124.76 USD
2023-06-23 price VEA                                31.70 USD
2023-06-23 price VHT                                47.02 USD
2023-06-23 price GLD                                86.08 USD
2023-06-30 price VBMPX                              98.09 USD
2023-06-30 price RGAGX                              49.73 USD
2023-06-30 price ITOT                              124.92 USD
2023-06-30 price VEA                                31.68 USD
2023-06-30 price VHT                                47.62 USD
2023-06-30 price GLD                                85.77 USD
2023-07-07 price VBMPX                              99.45 USD
2023-07-07 price RGAGX                              48.83 USD
2023-07-07 price ITOT                              124.54 USD
2023-07-07 price VEA                                31.83 USD
2023-07-07 price VHT                                47.14 USD
2023-07-07 price GLD                                86.54 USD
2023-07-14 price VBMPX                              99.44 USD
2023-07-14 price RGAGX                              48.44 USD
2023-07-14 price ITOT                              124.92 USD
2023-07-14 price VEA                                32.65 USD
2023-07-14 price VHT                                46.32 USD
2023-07-14 price GLD                                86.32 USD
2023-07-21 price VBMPX                              99.06 USD
2023-07-21 price RGAGX                              48.93 USD
2023-07-21 price ITOT                              124.80 USD
2023-07-21 price VEA                                33.60 USD
2023-07-21 price VHT                                48.14 USD
2023-07-21 price GLD                                87.47 USD
2023-07-28 price VBMPX                             101.94 USD
2023-07-28 price RGAGX                              48.34 USD
2023-07-28 price ITOT                              128.45 USD
2023-07-28 price VEA                                33.81 USD
2023-07-28 price VHT                                48.51 USD
2023-07-28 price GLD                                88.35 USD
2023-08-04 price VBMPX                             101.90 USD
2023-08-04 price RGAGX                              48.90 USD
2023-08-04 price ITOT                              130.23 USD
2023-08-04 price VEA                                33.63 USD
2023-08-04 price VHT                                47.93 USD
2023-08-04 price GLD                                86.66 USD
2023-08-11 price VBMPX                             100.39 USD
2023-08-11 price RGAGX                              49.05 USD
2023-08-11 price ITOT                              127.88 USD
2023-08-11 price VEA                                33.46 USD
2023-08-11 price VHT                                47.58 USD
2023-08-11 price GLD                                85.04 USD
2023-08-18 price VBMPX                             100.45 USD
2023-08-18 price RGAGX                              48.70 USD
2023-08-18 price ITOT                              128.68 USD
2023-08-18 price VEA                                32.96 USD
2023-08-18 price VHT                                48.92 USD
2023-08-18 price GLD                                85.09 USD
2023-08-25 price VBMPX                              99.85 USD
2023-08-25 price RGAGX                              47.92 USD
2023-08-25 price ITOT                              128.77 USD
2023-08-25 price VEA                                32.77 USD
2023-08-25 price VHT                                49.19 USD
2023-08-25 price GLD                                86.17 USD
2023-09-01 price VBMPX                              99.21 USD
2023-09-01 price RGAGX                              47.98 USD
2023-09-01 price ITOT                              130.09 USD
2023-09-01 price VEA                                32.43 USD
2023-09-01 price VHT                                50.19 USD
2023-09-01 price GLD                                85.03 USD
2023-09-08 price VBMPX                             100.88 USD
2023-09-08 price RGAGX                              48.28 USD
2023-09-08 price ITOT                              131.49 USD
2023-09-08 price VEA                                32.74 USD
2023-09-08 price VHT                                49.37 USD
2023-09-08 price GLD                                83.18 USD
2023-09-15 price VBMPX                             101.34 USD
2023-09-15 price RGAGX                              47.91 USD
2023-09-15 price ITOT                              131.20 USD
2023-09-15 price VEA                                32.76 USD
2023-09-15 price VHT                                49.38 USD
2023-09-15 price GLD                                83.44 USD
2023-09-22 price VBMPX                             101.21 USD
2023-09-22 price RGAGX                              48.48 USD
2023-09-22 price ITOT                              132.42 USD
2023-09-22 price VEA                                32.67 USD
2023-09-22 price VHT                                49.32 USD
2023-09-22 price GLD                                84.48 USD
2023-09-29 price VBMPX                             101.80 USD
2023-09-29 price RGAGX                              48.84 USD
2023-09-29 price ITOT                              131.47 USD
2023-09-29 price VEA                                32.62 USD
2023-09-29 price VHT                                47.95 USD
2023-09-29 price GLD                                83.76 USD
2023-10-06 price VBMPX                             100.38 USD
2023-10-06 price RGAGX                              49.10 USD
2023-10-06 price ITOT                              131.39 USD
2023-10-06 price VEA                                32.70 USD
2023-10-06 price VHT                                46.98 USD
2023-10-06 price GLD                                85.77 USD
2023-10-13 price VBMPX                             100.23 USD
2023-10-13 price RGAGX                              49.00 USD
2023-10-13 price ITOT                              132.43 USD
2023-10-13 price VEA                                32.90 USD
2023-10-13 price VHT                                46.03 USD
2023-10-13 price GLD                                87.66 USD
2023-10-20 price VBMPX                              98.84 USD
2023-10-20 price RGAGX                              49.30 USD
2023-10-20 price ITOT                              129.52 USD
2023-10-20 price VEA                                32.82 USD
2023-10-20 price VHT                                46.79 USD
2023-10-20 price GLD                                85.85 USD
2023-10-27 price VBMPX                             100.79 USD
2023-10-27 price RGAGX                              49.13 USD
2023-10-27 price ITOT                              131.84 USD
2023-10-27 price VEA                                33.13 USD
2023-10-27 price VHT                                48.28 USD
2023-10-27 price GLD                                88.07 USD
2023-11-03 price VBMPX                             101.09 USD
2023-11-03 price RGAGX                              48.52 USD
2023-11-03 price ITOT                              132.65 USD
2023-11-03 price VEA                                34.34 USD
2023-11-03 price VHT                                47.15 USD
2023-11-03 price GLD                                87.94 USD
2023-11-10 price VBMPX                             101.65 USD
2023-11-10 price RGAGX                              48.01 USD
2023-11-10 price ITOT                              131.42 USD
2023-11-10 price VEA                                35.21 USD
2023-11-10 price VHT                                46.82 USD
2023-11-10 price GLD                                87.92 USD
2023-11-17 price VBMPX                             101.88 USD
2023-11-17 price RGAGX                              48.52 USD
2023-11-17 price ITOT                              132.79 USD
2023-11-17 price VEA                                35.51 USD
2023-11-17 price VHT                                46.48 USD
2023-11-17 price GLD                                89.07 USD
2023-11-24 price VBMPX                             101.51 USD
2023-11-24 price RGAGX                              48.31 USD
2023-11-24 price ITOT                              134.88 USD
2023-11-24 price VEA                                35.00 USD
2023-11-24 price VHT                                47.09 USD
2023-11-24 price GLD                                90.33 USD
2023-12-01 price VBMPX                             101.50 USD
2023-12-01 price RGAGX                              48.65 USD
2023-12-01 price ITOT                              136.10 USD
2023-12-01 price VEA                                34.01 USD
2023-12-01 price VHT                                46.94 USD
2023-12-01 price GLD                                92.12 USD
2023-12-08 price VBMPX                             101.77 USD
2023-12-08 price RGAGX                              48.81 USD
2023-12-08 price ITOT                              133.60 USD
2023-12-08 price VEA                                33.93 USD
2023-12-08 price VHT                                47.96 USD
2023-12-08 price GLD                                94.81 USD
2023-12-15 price VBMPX                             101.85 USD
2023-12-15 price RGAGX                              48.38 USD
2023-12-15 price ITOT                              131.37 USD
2023-12-15 price VEA                                33.18 USD
2023-12-15 price VHT                                48.96 USD
2023-12-15 price GLD                                95.12 USD
2023-12-22 price VBMPX                             101.15 USD
2023-12-22 price RGAGX                              48.10 USD
2023-12-22 price ITOT                              134.00 USD
2023-12-22 price VEA                                33.30 USD
2023-12-22 price VHT                                49.11 USD
2023-12-22 price GLD                                96.89 USD
2023-12-29 price VBMPX                             102.82 USD
2023-12-29 price RGAGX                              48.23 USD
2023-12-29 price ITOT                              133.65 USD
2023-12-29 price VEA                                33.86 USD
2023-12-29 price VHT                                49.67 USD
2023-12-29 price GLD                                97.73 USD
2024-01-05 price VBMPX                             102.10 USD
2024-01-05 price RGAGX                              48.11 USD
2024-01-05 price ITOT                              132.14 USD
2024-01-05 price VEA                                34.26 USD
2024-01-05 price VHT                                50.06 USD
2024-01-05 price GLD                                96.94 USD
2024-01-12 price VBMPX                             102.48 USD
2024-01-12 price RGAGX                              48.20 USD
2024-01-12 price ITOT                              131.19 USD
2024-01-12 price VEA                                33.96 USD
2024-01-12 price VHT                                51.48 USD
2024-01-12 price GLD                                95.16 USD
2024-01-19 price VBMPX                             101.56 USD
2024-01-19 price RGAGX                              47.99 USD
2024-01-19 price ITOT                              132.09 USD
2024-01-19 price VEA                                34.59 USD
2024-01-19 price VHT                                51.33 USD
2024-01-19 price GLD                                96.35 USD
2024-01-26 price VBMPX                             101.34 USD
2024-01-26 price RGAGX                              48.16 USD
2024-01-26 price ITOT                              132.32 USD
2024-01-26 price VEA                                34.48 USD
2024-01-26 price VHT                                51.20 USD
2024-01-26 price GLD                                98.62 USD
2024-02-02 price VBMPX                             101.40 USD
2024-02-02 price RGAGX                              47.88 USD
2024-02-02 price ITOT                              133.16 USD
2024-02-02 price VEA                                35.09 USD
2024-02-02 price VHT                                49.93 USD
2024-02-02 price GLD                                98.13 USD
2024-02-09 price VBMPX                             100.89 USD
2024-02-09 price RGAGX                              47.42 USD
2024-02-09 price ITOT                              134.32 USD
2024-02-09 price VEA                                34.41 USD
2024-02-09 price VHT                                49.65 USD
2024-02-09 price GLD                                98.13 USD
2024-02-16 price VBMPX                              99.23 USD
2024-02-16 price RGAGX                              47.39 USD
2024-02-16 price ITOT                              134.05 USD
2024-02-16 price VEA                                34.66 USD
2024-02-16 price VHT                                49.12 USD
2024-02-16 price GLD                                99.12 USD
2024-02-23 price VBMPX                              98.33 USD
2024-02-23 price RGAGX                              47.81 USD
2024-02-23 price ITOT                              134.37 USD
2024-02-23 price VEA                                34.03 USD
2024-02-23 price VHT                                49.12 USD
2024-02-23 price GLD                                98.30 USD
2024-03-01 price VBMPX                              98.97 USD
2024-03-01 price RGAGX                              48.19 USD
2024-03-01 price ITOT                              132.92 USD
2024-03-01 price VEA                                34.19 USD
2024-03-01 price VHT                                47.89 USD
2024-03-01 price GLD                                98.44 USD
2024-03-08 price VBMPX                              99.28 USD
2024-03-08 price RGAGX                              48.18 USD
2024-03-08 price ITOT                              133.80 USD
2024-03-08 price VEA                                34.47 USD
2024-03-08 price VHT                                47.66 USD
2024-03-08 price GLD                                96.78 USD
2024-03-15 price VBMPX                              98.03 USD
2024-03-15 price RGAGX                              47.76 USD
2024-03-15 price ITOT                              133.85 USD
2024-03-15 price VEA                                34.49 USD
2024-03-15 price VHT                                48.59 USD
2024-03-15 price GLD                                95.22 USD
2024-03-22 price VBMPX                              98.00 USD
2024-03-22 price RGAGX                              48.23 USD
2024-03-22 price ITOT                              134.08 USD
2024-03-22 price VEA                                35.23 USD
2024-03-22 price VHT                                47.83 USD
2024-03-22 price GLD                                94.02 USD
2024-03-29 price VBMPX                              98.88 USD
2024-03-29 price RGAGX                              48.53 USD
2024-03-29 price ITOT                              135.31 USD
2024-03-29 price VEA                                35.84 USD
2024-03-29 price VHT                                49.58 USD
2024-03-29 price GLD                                94.36 USD
2024-04-05 price VBMPX                              97.50 USD
2024-04-05 price RGAGX                              48.12 USD
2024-04-05 price ITOT                              134.46 USD
2024-04-05 price VEA                                36.01 USD
2024-04-05 price VHT                                49.30 USD
2024-04-05 price GLD                                94.35 USD
2024-04-12 price VBMPX                              95.40 USD
2024-04-12 price RGAGX                              48.09 USD
2024-04-12 price ITOT                              135.01 USD
2024-04-12 price VEA                                36.37 USD
2024-04-12 price VHT                                49.05 USD
2024-04-12 price GLD                                95.40 USD
2024-04-19 price VBMPX                              95.08 USD
2024-04-19 price RGAGX                              48.21 USD
2024-04-19 price ITOT                              133.15 USD
2024-04-19 price VEA                                36.56 USD
2024-04-19 price VHT                                48.47 USD
2024-04-19 price GLD                                95.67 USD
2024-04-26 price VBMPX                              93.85 USD
2024-04-26 price RGAGX                              48.45 USD
2024-04-26 price ITOT                              132.57 USD
2024-04-26 price VEA                                36.99 USD
2024-04-26 price VHT                                48.77 USD
2024-04-26 price GLD                                96.53 USD
2024-05-03 price VBMPX                              93.55 USD
2024-05-03 price RGAGX                              48.74 USD
2024-05-03 price ITOT                              133.27 USD
2024-05-03 price VEA                                37.52 USD
2024-05-03 price VHT                                47.61 USD
2024-05-03 price GLD                                96.11 USD
2024-05-10 price VBMPX                              93.37 USD
2024-05-10 price RGAGX                              48.80 USD
2024-05-10 price ITOT                              132.79 USD
2024-05-10 price VEA                                38.26 USD
2024-05-10 price VHT                                46.63 USD
2024-05-10 price GLD                                95.55 USD
2024-05-17 price VBMPX                              92.54 USD
2024-05-17 price RGAGX                              48.14 USD
2024-05-17 price ITOT                              132.46 USD
2024-05-17 price VEA                                38.65 USD
2024-05-17 price VHT                                46.87 USD
2024-05-17 price GLD                                95.13 USD
2024-05-24 price VBMPX                              94.05 USD
2024-05-24 price RGAGX                              48.64 USD
2024-05-24 price ITOT                              134.09 USD
2024-05-24 price VEA                                38.03 USD
2024-05-24 price VHT                                45.80 USD
2024-05-24 price GLD                                93.49 USD
2024-05-31 price VBMPX                              93.60 USD
2024-05-31 price RGAGX                              49.04 USD
2024-05-31 price ITOT                              132.32 USD
2024-05-31 price VEA                                38.33 USD
2024-05-31 price VHT                                46.35 USD
2024-05-31 price GLD                                95.60 USD
2024-06-07 price VBMPX                              93.80 USD
2024-06-07 price RGAGX                              48.95 USD
2024-06-07 price ITOT                              133.34 USD
2024-06-07 price VEA                                39.03 USD
2024-06-07 price VHT                                46.58 USD
2024-06-07 price GLD                                95.40 USD
2024-06-14 price VBMPX                              94.06 USD
2024-06-14 price RGAGX                              48.35 USD
2024-06-14 price ITOT                              134.94 USD
2024-06-14 price VEA                                38.64 USD
2024-06-14 price VHT                                47.08 USD
2024-06-14 price GLD                                94.88 USD
2024-06-21 price VBMPX                              94.24 USD
2024-06-21 price RGAGX                              48.35 USD
2024-06-21 price ITOT                              136.19 USD
2024-06-21 price VEA                                38.45 USD
2024-06-21 price VHT                                46.01 USD
2024-06-21 price GLD                                95.36 USD
2024-06-28 price VBMPX                              95.08 USD
2024-06-28 price RGAGX                              48.51 USD
2024-06-28 price ITOT                              136.38 USD
2024-06-28 price VEA                                38.26 USD
2024-06-28 price VHT                                47.07 USD
2024-06-28 price GLD                                93.99 USD
2024-07-05 price VBMPX                              95.41 USD
2024-07-05 price RGAGX                              48.11 USD
2024-07-05 price ITOT                              137.44 USD
2024-07-05 price VEA                                37.66 USD
2024-07-05 price VHT                                46.92 USD
2024-07-05 price GLD                                91.94 USD
2024-07-12 price VBMPX                              94.98 USD
2024-07-12 price RGAGX                              47.88 USD
2024-07-12 price ITOT                              136.59 USD
2024-07-12 price VEA                                38.85 USD
2024-07-12 price VHT                                45.64 USD
2024-07-12 price GLD                                91.71 USD
2024-07-19 price VBMPX                              94.75 USD
2024-07-19 price RGAGX                              47.65 USD
2024-07-19 price ITOT                              134.01 USD
2024-07-19 price VEA                                39.71 USD
2024-07-19 price VHT                                45.07 USD
2024-07-19 price GLD                                91.76 USD
2024-07-26 price VBMPX                              94.07 USD
2024-07-26 price RGAGX                              47.48 USD
2024-07-26 price ITOT                              135.15 USD
2024-07-26 price VEA                                39.97 USD
2024-07-26 price VHT                                46.33 USD
2024-07-26 price GLD                                93.87 USD
2024-08-02 price VBMPX                              94.59 USD
2024-08-02 price RGAGX                              47.78 USD
2024-08-02 price ITOT                              136.07 USD
2024-08-02 price VEA                                41.18 USD
2024-08-02 price VHT                                46.03 USD
2024-08-02 price GLD                                93.02 USD
2024-08-09 price VBMPX                              94.47 USD
2024-08-09 price RGAGX                              48.11 USD
2024-08-09 price ITOT                              135.65 USD
2024-08-09 price VEA                                41.22 USD
2024-08-09 price VHT                                45.86 USD
2024-08-09 price GLD                                94.92 USD
2024-08-16 price VBMPX                              95.44 USD
2024-08-16 price RGAGX                              48.92 USD
2024-08-16 price ITOT                              137.01 USD
2024-08-16 price VEA                                42.60 USD
2024-08-16 price VHT                                45.56 USD
2024-08-16 price GLD                                95.22 USD
2024-08-23 price VBMPX                              94.57 USD
2024-08-23 price RGAGX                              48.90 USD
2024-08-23 price ITOT                              138.25 USD
2024-08-23 price VEA                                42.82 USD
2024-08-23 price VHT                                45.67 USD
2024-08-23 price GLD                                95.54 USD
2024-08-30 price VBMPX                              94.64 USD
2024-08-30 price RGAGX                              49.17 USD
2024-08-30 price ITOT                              139.44 USD
2024-08-30 price VEA                                42.12 USD
2024-08-30 price VHT                                44.41 USD
2024-08-30 price GLD                                94.89 USD
2024-09-06 price VBMPX                              95.00 USD
2024-09-06 price RGAGX                              49.53 USD
2024-09-06 price ITOT                              140.87 USD
2024-09-06 price VEA                                40.35 USD
2024-09-06 price VHT                                43.90 USD
2024-09-06 price GLD                                94.31 USD
2024-09-13 price VBMPX                              96.80 USD
2024-09-13 price RGAGX                              49.64 USD
2024-09-13 price ITOT                              140.96 USD
2024-09-13 price VEA                                40.22 USD
2024-09-13 price VHT                                43.76 USD
2024-09-13 price GLD                                95.51 USD
2024-09-20 price VBMPX                              97.07 USD
2024-09-20 price RGAGX                              49.83 USD
2024-09-20 price ITOT                              143.39 USD
2024-09-20 price VEA                                39.81 USD
2024-09-20 price VHT                                43.66 USD
2024-09-20 price GLD                                94.15 USD
2024-09-27 price VBMPX                              96.30 USD
2024-09-27 price RGAGX                              50.28 USD
2024-09-27 price ITOT                              143.75 USD
2024-09-27 price VEA                                40.62 USD
2024-09-27 price VHT                                43.57 USD
2024-09-27 price GLD                                95.20 USD
2024-10-04 price VBMPX                              98.66 USD
2024-10-04 price RGAGX                              50.08 USD
2024-10-04 price ITOT                              143.85 USD
2024-10-04 price VEA                                40.29 USD
2024-10-04 price VHT                                43.18 USD
2024-10-04 price GLD                                97.36 USD
2024-10-11 price VBMPX                             100.72 USD
2024-10-11 price RGAGX                              49.40 USD
2024-10-11 price ITOT                              144.57 USD
2024-10-11 price VEA                                39.64 USD
2024-10-11 price VHT                                43.38 USD
2024-10-11 price GLD                                98.11 USD
2024-10-18 price VBMPX                             100.22 USD
2024-10-18 price RGAGX                              49.09 USD
2024-10-18 price ITOT                              147.13 USD
2024-10-18 price VEA                                39.53 USD
2024-10-18 price VHT                                42.43 USD
2024-10-18 price GLD                                97.49 USD
2024-10-25 price VBMPX                             101.30 USD
2024-10-25 price RGAGX                              49.29 USD
2024-10-25 price ITOT                              144.31 USD
2024-10-25 price VEA                                40.68 USD
2024-10-25 price VHT                                42.18 USD
2024-10-25 price GLD                                98.23 USD
2024-11-01 price VBMPX                             100.29 USD
2024-11-01 price RGAGX                              49.06 USD
2024-11-01 price ITOT                              144.13 USD
2024-11-01 price VEA                                39.50 USD
2024-11-01 price VHT                                41.41 USD
2024-11-01 price GLD                                98.18 USD
2024-11-08 price VBMPX                             100.26 USD
2024-11-08 price RGAGX                              49.74 USD
2024-11-08 price ITOT                              142.94 USD
2024-11-08 price VEA                                38.96 USD
2024-11-08 price VHT                                40.67 USD
2024-11-08 price GLD                                96.97 USD
2024-11-15 price VBMPX                             100.97 USD
2024-11-15 price RGAGX                              49.90 USD
2024-11-15 price ITOT                              145.64 USD
2024-11-15 price VEA                                40.29 USD
2024-11-15 price VHT                                41.56 USD
2024-11-15 price GLD                                95.23 USD
2024-11-22 price VBMPX                             100.51 USD
2024-11-22 price RGAGX                              49.91 USD
2024-11-22 price ITOT                              145.88 USD
2024-11-22 price VEA                                39.01 USD
2024-11-22 price VHT                                41.91 USD
2024-11-22 price GLD                                95.37 USD
2024-11-29 price VBMPX                              98.68 USD
2024-11-29 price RGAGX                              49.81 USD
2024-11-29 price ITOT                              145.77 USD
2024-11-29 price VEA                                38.91 USD
2024-11-29 price VHT                                41.56 USD
2024-11-29 price GLD                                95.26 USD
2024-12-06 price VBMPX                             100.75 USD
2024-12-06 price RGAGX                              50.40 USD
2024-12-06 price ITOT                              145.59 USD
2024-12-06 price VEA                                39.55 USD
2024-12-06 price VHT                                40.74 USD
2024-12-06 price GLD                                94.61 USD
2024-12-13 price VBMPX                              98.48 USD
2024-12-13 price RGAGX                              49.83 USD
2024-12-13 price ITOT                              144.91 USD
2024-12-13 price VEA                                40.68 USD
2024-12-13 price VHT                                40.37 USD
2024-12-13 price GLD                                96.37 USD
2024-12-20 price VBMPX                              98.24 USD
2024-12-20 price RGAGX                              50.70 USD
2024-12-20 price ITOT                              145.59 USD
2024-12-20 price VEA                                39.93 USD
2024-12-20 price VHT                                40.62 USD
2024-12-20 price GLD                                96.93 USD
2024-12-27 price VBMPX                              99.62 USD
2024-12-27 price RGAGX                              51.30 USD
2024-12-27 price ITOT                              144.22 USD
2024-12-27 price VEA                                40.13 USD
2024-12-27 price VHT                                40.08 USD
2024-12-27 price GLD                                97.15 USD
2025-01-03 price VBMPX                             100.32 USD
2025-01-03 price RGAGX                              51.34 USD
2025-01-03 price ITOT                              144.21 USD
2025-01-03 price VEA                                41.36 USD
2025-01-03 price VHT                                41.19 USD
2025-01-03 price GLD                                98.70 USD
2025-01-10 price VBMPX                             101.32 USD
2025-01-10 price RGAGX                              51.83 USD
2025-01-10 price ITOT                              146.52 USD
2025-01-10 price VEA                                42.24 USD
2025-01-10 price VHT                                40.57 USD
2025-01-10 price GLD                                99.08 USD
2025-01-17 price VBMPX                             100.23 USD
2025-01-17 price RGAGX                              51.72 USD
2025-01-17 price ITOT                              147.61 USD
2025-01-17 price VEA                                41.70 USD
2025-01-17 price VHT                                41.53 USD
2025-01-17 price GLD                               100.80 USD
2025-01-24 price VBMPX                             101.63 USD
2025-01-24 price RGAGX                              52.08 USD
2025-01-24 price ITOT                              146.36 USD
2025-01-24 price VEA                                41.77 USD
2025-01-24 price VHT                                42.00 USD
2025-01-24 price GLD                               101.75 USD
2025-01-31 price VBMPX                             102.61 USD
2025-01-31 price RGAGX                              52.45 USD
2025-01-31 price ITOT                              146.28 USD
2025-01-31 price VEA                                41.88 USD
2025-01-31 price VHT                                42.60 USD
2025-01-31 price GLD                               101.08 USD
2025-02-07 price VBMPX                             104.46 USD
2025-02-07 price RGAGX                              52.40 USD
2025-02-07 price ITOT                              150.47 USD
2025-02-07 price VEA                                42.23 USD
2025-02-07 price VHT                                42.01 USD
2025-02-07 price GLD                               101.14 USD
2025-02-14 price VBMPX                             104.81 USD
2025-02-14 price RGAGX                              52.47 USD
2025-02-14 price ITOT                              150.96 USD
2025-02-14 price VEA                                41.60 USD
2025-02-14 price VHT                                42.32 USD
2025-02-14 price GLD                               101.12 USD
2025-02-21 price VBMPX                             103.64 USD
2025-02-21 price RGAGX                              52.43 USD
2025-02-21 price ITOT                              151.71 USD
2025-02-21 price VEA                                41.60 USD
2025-02-21 price VHT                                42.48 USD
2025-02-21 price GLD                               100.96 USD
2025-02-28 price VBMPX                             104.56 USD
2025-02-28 price RGAGX                              51.54 USD
2025-02-28 price ITOT                              150.33 USD
2025-02-28 price VEA                                40.25 USD
2025-02-28 price VHT                                42.95 USD
2025-02-28 price GLD                               100.80 USD
2025-03-07 price VBMPX                             103.84 USD
2025-03-07 price RGAGX                              51.48 USD
2025-03-07 price ITOT                              150.56 USD
2025-03-07 price VEA                                41.57 USD
2025-03-07 price VHT                                44.27 USD
2025-03-07 price GLD                               101.85 USD
2025-03-14 price VBMPX                             102.68 USD
2025-03-14 price RGAGX                              50.73 USD
2025-03-14 price ITOT                              151.99 USD
2025-03-14 price VEA                                40.65 USD
2025-03-14 price VHT                                44.42 USD
2025-03-14 price GLD                               102.62 USD
2025-03-21 price VBMPX                             102.00 USD
2025-03-21 price RGAGX                              50.69 USD
2025-03-21 price ITOT                              152.13 USD
2025-03-21 price VEA                                41.08 USD
2025-03-21 price VHT                                44.92 USD
2025-03-21 price GLD                               102.00 USD
2025-03-28 price VBMPX                             102.98 USD
2025-03-28 price RGAGX                              50.90 USD
2025-03-28 price ITOT                              152.52 USD
2025-03-28 price VEA                                41.30 USD
2025-03-28 price VHT                                43.42 USD
2025-03-28 price GLD                               100.78 USD
2025-04-04 price VBMPX                             102.66 USD
2025-04-04 price RGAGX                              50.53 USD
2025-04-04 price ITOT                              153.60 USD
2025-04-04 price VEA                                40.58 USD
2025-04-04 price VHT                                44.01 USD
2025-04-04 price GLD                               102.62 USD
2025-04-11 price VBMPX                             101.98 USD
2025-04-11 price RGAGX                              50.20 USD
2025-04-11 price ITOT                              155.06 USD
2025-04-11 price VEA                                40.91 USD
2025-04-11 price VHT                                43.68 USD
2025-04-11 price GLD                               101.96 USD
2025-04-18 price VBMPX                             102.56 USD
2025-04-18 price RGAGX                              50.69 USD
2025-04-18 price ITOT                              155.30 USD
2025-04-18 price VEA                                41.53 USD
2025-04-18 price VHT                                44.12 USD
2025-04-18 price GLD                               101.24 USD
2025-04-25 price VBMPX                             103.07 USD
2025-04-25 price RGAGX                              50.40 USD
2025-04-25 price ITOT                              155.55 USD
2025-04-25 price VEA                                42.13 USD
2025-04-25 price VHT                                45.13 USD
2025-04-25 price GLD                                99.53 USD
2025-05-02 price VBMPX                             102.90 USD
2025-05-02 price RGAGX                              50.72 USD
2025-05-02 price ITOT                              155.66 USD
2025-05-02 price VEA                                43.48 USD
2025-05-02 price VHT                                45.01 USD
2025-05-02 price GLD                                99.83 USD
2025-05-09 price VBMPX                             102.05 USD
2025-05-09 price RGAGX                              50.75 USD
2025-05-09 price ITOT                              156.99 USD
2025-05-09 price VEA                                43.01 USD
2025-05-09 price VHT                                45.60 USD
2025-05-09 price GLD                                98.21 USD
2025-05-16 price VBMPX                             101.36 USD
2025-05-16 price RGAGX                              50.59 USD
2025-05-16 price ITOT                              158.40 USD
2025-05-16 price VEA                                43.00 USD
2025-05-16 price VHT                                44.74 USD
2025-05-16 price GLD                                99.45 USD
2025-05-23 price VBMPX                             101.86 USD
2025-05-23 price RGAGX                              50.52 USD
2025-05-23 price ITOT                              155.03 USD
2025-05-23 price VEA                                42.46 USD
2025-05-23 price VHT                                45.26 USD
2025-05-23 price GLD                                99.07 USD
2025-05-30 price VBMPX                             102.92 USD
2025-05-30 price RGAGX                              50.99 USD
2025-05-30 price ITOT                              156.30 USD
2025-05-30 price VEA                                41.30 USD
2025-05-30 price VHT                                44.45 USD
2025-05-30 price GLD                               100.44 USD
2025-06-06 price VBMPX                             102.70 USD
2025-06-06 price RGAGX                              51.25 USD
2025-06-06 price ITOT                              154.86 USD
2025-06-06 price VEA                                41.32 USD
2025-06-06 price VHT                                44.15 USD
2025-06-06 price GLD                                99.42 USD
2025-06-13 price VBMPX                             104.58 USD
2025-06-13 price RGAGX                              50.62 USD
2025-06-13 price ITOT                              154.37 USD
2025-06-13 price VEA                                41.73 USD
2025-06-13 price VHT                                43.62 USD
2025-06-13 price GLD                               100.27 USD
2025-06-20 price VBMPX                             103.99 USD
2025-06-20 price RGAGX                              50.32 USD
2025-06-20 price ITOT                              156.83 USD
2025-06-20 price VEA                                41.25 USD
2025-06-20 price VHT                                43.00 USD
2025-06-20 price GLD                                99.42 USD
2025-06-27 price VBMPX                             101.67 USD
2025-06-27 price RGAGX                              50.07 USD
2025-06-27 price ITOT                              158.33 USD
2025-06-27 price VEA                                41.94 USD
2025-06-27 price VHT                                43.87 USD
2025-06-27 price GLD                                99.42 USD
2025-07-04 price VBMPX                             101.83 USD
2025-07-04 price RGAGX                              50.66 USD
2025-07-04 price ITOT                              156.17 USD
2025-07-04 price VEA                                42.11 USD
2025-07-04 price VHT                                42.26 USD
2025-07-04 price GLD                                98.92 USD
2025-07-11 price VBMPX                             100.85 USD
2025-07-11 price RGAGX                              50.75 USD
2025-07-11 price ITOT                              158.91 USD
2025-07-11 price VEA                                42.68 USD
2025-07-11 price VHT                                41.76 USD
2025-07-11 price GLD                                97.67 USD
2025-07-18 price VBMPX                              99.25 USD
2025-07-18 price RGAGX                              51.02 USD
2025-07-18 price ITOT                              158.44 USD
2025-07-18 price VEA                                42.18 USD
2025-07-18 price VHT                                41.66 USD
2025-07-18 price GLD                                98.46 USD
2025-07-25 price VBMPX                              98.74 USD
2025-07-25 price RGAGX                              51.68 USD
2025-07-25 price ITOT                              158.73 USD
2025-07-25 price VEA                                42.51 USD
2025-07-25 price VHT                                41.90 USD
2025-07-25 price GLD                                96.84 USD
2025-08-01 price VBMPX                              99.28 USD
2025-08-01 price RGAGX                              52.28 USD
2025-08-01 price ITOT                              160.98 USD
2025-08-01 price VEA                                43.27 USD
2025-08-01 price VHT                                42.01 USD
2025-08-01 price GLD                                98.84 USD
2025-08-08 price VBMPX                              99.35 USD
2025-08-08 price RGAGX                              52.70 USD
2025-08-08 price ITOT                              160.74 USD
2025-08-08 price VEA                                45.01 USD
2025-08-08 price VHT                                42.11 USD
2025-08-08 price GLD                                99.13 USD
2025-08-15 price VBMPX                             100.09 USD
2025-08-15 price RGAGX                              52.81 USD
2025-08-15 price ITOT                              163.65 USD
2025-08-15 price VEA                                44.97 USD
2025-08-15 price VHT                                41.48 USD
2025-08-15 price GLD                                98.48 USD
2025-08-22 price VBMPX                              97.74 USD
2025-08-22 price RGAGX                              52.58 USD
2025-08-22 price ITOT                              161.76 USD
2025-08-22 price VEA                                45.23 USD
2025-08-22 price VHT                                42.32 USD
2025-08-22 price GLD                               100.44 USD
2025-08-29 price VBMPX                              96.22 USD
2025-08-29 price RGAGX                              53.15 USD
2025-08-29 price ITOT                              161.85 USD
2025-08-29 price VEA                                45.13 USD
2025-08-29 price VHT                                41.79 USD
2025-08-29 price GLD                                98.69 USD
2025-09-05 price VBMPX                              96.06 USD
2025-09-05 price RGAGX                              53.09 USD
2025-09-05 price ITOT                              159.15 USD
2025-09-05 price VEA                                45.41 USD
2025-09-05 price VHT                                41.91 USD
2025-09-05 price GLD                                98.88 USD
2025-09-12 price VBMPX                              95.13 USD
2025-09-12 price RGAGX                              52.07 USD
2025-09-12 price ITOT                              160.87 USD
2025-09-12 price VEA                                46.71 USD
2025-09-12 price VHT                                41.18 USD
2025-09-12 price GLD                                98.83 USD
2025-09-19 price VBMPX                              94.02 USD
2025-09-19 price RGAGX                              52.30 USD
2025-09-19 price ITOT                              160.81 USD
2025-09-19 price VEA                                47.61 USD
2025-09-19 price VHT                                40.62 USD
2025-09-19 price GLD                                99.16 USD
2025-09-26 price VBMPX                              93.90 USD
2025-09-26 price RGAGX                              52.53 USD
2025-09-26 price ITOT                              159.84 USD
2025-09-26 price VEA                                47.22 USD
2025-09-26 price VHT                                40.97 USD
2025-09-26 price GLD                               100.94 USD
2025-10-03 price VBMPX                              93.74 USD
2025-10-03 price RGAGX                              52.46 USD
2025-10-03 price ITOT                              159.49 USD
2025-10-03 price VEA                                46.62 USD
2025-10-03 price VHT                                40.55 USD
2025-10-03 price GLD                               102.48 USD
2025-10-10 price VBMPX                              94.45 USD
2025-10-10 price RGAGX                              52.33 USD
2025-10-10 price ITOT                              158.56 USD
2025-10-10 price VEA                                47.24 USD
2025-10-10 price VHT                                41.19 USD
2025-10-10 price GLD                               105.29 USD
2025-10-17 price VBMPX                              95.16 USD
2025-10-17 price RGAGX                              52.13 USD
2025-10-17 price ITOT                              156.83 USD
2025-10-17 price VEA                                46.45 USD
2025-10-17 price VHT                                41.01 USD
2025-10-17 price GLD                               106.38 USD
2025-10-24 price VBMPX                              96.64 USD
2025-10-24 price RGAGX                              52.58 USD
2025-10-24 price ITOT                              158.22 USD
2025-10-24 price VEA                                46.11 USD
2025-10-24 price VHT                                41.14 USD
2025-10-24 price GLD                               107.42 USD
2025-10-31 price VBMPX                              97.78 USD
2025-10-31 price RGAGX                              52.52 USD
2025-10-31 price ITOT                              162.55 USD
2025-10-31 price VEA                                45.18 USD
2025-10-31 price VHT                                41.54 USD
2025-10-31 price GLD                               108.08 USD



* Cash

